3575 5575
165 3077 331 3286 d

398 3951 443 4288 l

483 724 524 781 to
741 736 876 781 cosmus
893 733 1173 780 saansaaamusrs
1314 716 1396 796 [cin.
1413 736 1438 783 1¹

486 898 544 967 est,
559 899 590 951 et
606 888 713 951 caeteri
729 886 849 972 quibus
860 886 1031 950 descensus
1044 888 1082 951 fit
1096 886 1130 949 in
1145 884 1306 950 lasciviam
1320 904 1354 951 et
1368 908 1439 950 cor·

483 989 674 1076 ruptionem.
714 988 829 1052 Annon
845 988 957 1053 recolis
972 988 1128 1053 Ciconum
1143 999 1261 1053 matres
1274 1000 1308 1053 et
1323 1011 1435 1070 nunna,

484 1104 586 1157 totam
606 1089 855 1175 indignationem
879 1112 966 1155 suam
990 1090 1025 1154 in
1050 1091 1228 1177 Orpheum,
1251 1090 1308 1176 qui
1332 1112 1436 1155 mares

484 1194 590 1257 modis
609 1193 675 1257 suis
697 1191 955 1268 eliminaverat,
981 1214 1082 1278 usque
1103 1192 1145 1255 ad
1166 1193 1339 1257 Parcanmt
1354 1192 1437 1257 invi-

484 1295 569 1359 diam
592 1293 754 1373 effudisse,
769 1293 842 1358 licet
864 1293 917 1357 ille
938 1293 1065 1358 flexerit
1084 1316 1203 1369 manes,
1218 1293 1437 1379 duritiamque

486 1396 573 1460 Ditis
588 1393 751 1472 mollierit,
767 1393 1031 1480 Eurydicemque
1045 1416 1134 1458 suam
1150 1394 1236 1458 vocis
1250 1393 1364 1477 gratia,
1378 1392 1439 1457 etsi

482 1497 621 1562 infausta
636 1508 721 1560 sorte
735 1496 908 1560 meruerit?
931 1493 1061 1559 Exinde
1074 1494 1259 1582 hujusmodi
1271 1492 1435 1558 hominum

482 1609 625 1682 questus
640 1595 830 1681 plerumque
844 1594 971 1660 felicem
993 1596 1118 1660 exitum
1134 1618 1196 1660 non
1212 1608 1387 1682 exspectat,
1401 1607 1438 1667 et

482 1698 575 1775 forte,
590 1698 668 1783 quia

620 1846 683 1899 Non
693 1847 775 1900 habet
785 1852 894 1900 eventus
905 1848 1009 1900 sordida
1019 1847 1107 1919 praeda
1117 1848 1207 1903 bonor.

483 1993 564 2070 Quae
582 2012 656 2053 vero
674 2002 795 2053 mentes
813 1988 991 2066 emolliunt,
1011 2012 1178 2077 moresque
1197 1991 1398 2073 subvertunt,
1412 2016 1436 2057 a

481 2104 591 2157 nostra
612 2102 707 2155 aetate
729 2089 872 2176 undique
893 2089 1223 2170 adsciscuntunlicet
1244 2092 1313 2181 ipsa
1335 2094 1432 2171 ultra,

481 2216 579 2280 quam
602 2192 678 2257 satis
699 2204 757 2269 est,
780 2191 866 2256 vitiis
893 2191 959 2256 suis
984 2191 1137 2258 abundet.
1184 2193 1217 2257 Si
1239 2215 1433 2281 quemquam

480 2317 590 2363 eorum
607 2294 662 2381 qui
677 2293 896 2363 vehementius
915 2294 965 2358 his
980 2294 1142 2369 insistunt,
1157 2318 1287 2379 gravem
1304 2296 1434 2375 videris,

479 2396 507 2459 si
528 2396 721 2471 modestum,
745 2396 771 2459 si
801 2394 965 2482 pudicum,
987 2395 1065 2461 viria
1087 2394 1225 2461 sortibus
1250 2411 1431 2462 nostrorum

481 2512 659 2583 temporum
684 2498 788 2586 ipsum
808 2520 1035 2566 connumerare
1051 2495 1239 2567 memineris.
1284 2498 1434 2577 Quando-

480 2599 609 2687 quidem
636 2599 704 2663 haec
726 2621 797 2665 rara
821 2598 889 2662 avis
914 2611 973 2663 est.
1020 2597 1158 2663 Proinde
1181 2598 1313 2690 quidam
1341 2621 1433 2663 aene-

478 2702 586 2772 rabilis
608 2702 667 2782 vir,
685 2700 810 2767 circiter
831 2702 1105 2817 septingentarum
1125 2700 1310 2765 monialium
1330 2714 1432 2789 pater,

475 2805 557 2875 hanc
583 2805 779 2870 monasteriis
809 2805 875 2869 suis
903 2805 1098 2891 praescripsit
1122 2805 1237 2890 legem,
1263 2817 1299 2869 ut
1324 2804 1432 2867 omnia

477 2927 587 2970 earum
453 2905 743 3002 cantica
759 2905 859 2986 totius
881 2904 1001 2990 melicae
1020 2891 1458 3026 pronunciationffirmTt

477 3005 599 3078 modos‚
621 3016 651 3067 et
680 3017 716 3068 ut
739 3004 807 3096 sola
825 2985 1071 3096 psalmorumet
1093 3005 1224 3068 landum
1249 3007 1331 3069 sint
1320 3007 1447 3106 signi:

475 3107 602 3172 ficativa
643 3106 841 3174 ronunciatio
935 3119 1063 3172 ntentae.
1075 3091 1271 3192 Suspecta
1273 3093 1447 3199 equidem

459 3129 1066 3278 fflw
914 3220 1095 3294 tignuta
1110 3207 1269 3288 mollities,
1283 3231 1322 3271 eo
1341 3209 1428 3302 quod

474 3310 623 3395 voluptas
637 3333 750 3395 parens
773 3310 945 3381 libidinum
964 3322 1023 3375 est.
1069 3309 1156 3388 Quid
1172 3310 1258 3395 quod
1274 3311 1367 3375 haec
1357 3330 1429 3396 ipsa

474 3411 731 3498 quotidianorum
758 3414 977 3476 conviviorum
1009 3411 1161 3476 malitiam
1191 3413 1300 3486 acuit;
1332 3435 1370 3477 ac
1399 3415 1427 3484 si

475 3537 605 3591 venena,
621 3514 680 3578 nisi
699 3513 840 3579 toxicata
862 3517 937 3594 sint,
952 3536 1064 3577 nocere
1085 3536 1147 3579 non
1171 3517 1316 3599 possint?
1353 3515 1427 3601 lgni

472 3617 624 3704 stipulam
639 3616 768 3698 addere,
778 3617 883 3681 oleum
900 3616 1034 3697 camino,
1044 3630 1224 3703 serpentem
1238 3604 1427 3694 intoxicare,

471 3741 574 3786 nontre
600 3719 761 3784 dementia
785 3721 856 3782 est?
890 3718 982 3782 Licet
1005 3740 1110 3782 rerum
1133 3718 1211 3782 vitia
1231 3718 1428 3802 obtegantur·

472 3819 542 3884 velo
564 3821 744 3903 verborum,
767 3841 905 3907 quorum
925 3820 1034 3884 eadem
1058 3817 1238 3884 substantia
1259 3827 1318 3895 est,
1338 3816 1426 3884 nulla

472 3922 615 4007 proiecto
636 3923 815 3987 differentia
834 3934 892 3987 est.
922 3920 1022 3995 'Quae
1043 3919 1130 4006 apud
1153 3920 1288 3983 Graecos
1309 3939 1426 4002 coepu-

473 4023 599 4087 lationis
614 4035 672 4087 aut
690 4021 934 4108 compotationis
951 4032 1122 4084 censentur
1142 4018 1281 4095 nomine,
1296 4040 1315 4080 a
1335 4015 1427 4079 nobis

473 4123 645 4196 honestiori
657 4123 783 4187 nomine
792 4123 937 4186 convivia
953 4122 1169 4186 nominantur.
1201 4120 1314 4183 Coetus
1329 4116 1426 4203 siqui·

473 4226 544 4297 dern
568 4226 814 4301 conviventium,
837 4247 934 4309 quam
957 4220 1193 4308 coepulantium
1216 4233 1273 4284 aut
1299 4242 1425 4305 compo-

474 4329 608 4400 tantium
635 4327 841 4394 venerabilior
863 4339 921 4391 est.
968 4323 1125 4388 Convivia
1147 4345 1221 4387 vero
1244 4345 1346 4387 nonne
1367 4345 1426 4408 per
