3575 5575
331 839 401 884 cns.
418 824 486 902 nn]
668 841 921 885 somonamous.
1215 833 1278 889 225

330 989 471 1052 nonnihil
489 1003 602 1054 tamen.
638 992 842 1076 Sapientibus
857 1009 979 1076 ergoet
994 993 1217 1079 insipientibus
1228 995 1282 1058 de-

328 1090 412 1154 bitor
426 1105 485 1167 est,
497 1091 620 1177 pusillis
635 1107 666 1156 et
679 1094 861 1178 majoribus.
893 1099 974 1169 Quae
987 1095 1117 1180 quidem
1129 1097 1283 1181 inspectio

327 1194 503 1255 communis
528 1206 576 1256 est
605 1193 747 1258 omniurn
776 1193 995 1278 praelatorum,
1021 1209 1053 1258 et
1083 1219 1193 1259 eorum
1224 1198 1281 1281 qui

324 1293 538 1378 spiritualium
561 1318 668 1359 curam
692 1307 820 1382 gerunt,
846 1297 957 1381 etqui
980 1297 1161 1361 saecularem
1180 1299 1281 1382 juris-

322 1395 493 1459 dictionem
516 1414 671 1461 exercent.
726 1397 822 1461 Unde
845 1411 877 1462 et
910 1399 1156 1475 Melchisedech,
1181 1423 1277 1484 quem

324 1498 461 1583 primum
479 1497 636 1584 scriptura
652 1521 756 1582 regem
779 1499 954 1563 introducit
971 1513 1003 1563 et
1021 1501 1224 1575 sacerdotem,
1243 1520 1279 1567 ut

325 1597 365 1660 ad
383 1620 522 1682 praesens
534 1597 719 1682 mysterium
733 1609 885 1677 taceatur,
896 1622 962 1684 quo
972 1601 1157 1685 praefigurat
1171 1603 1279 1668 Chris·

326 1713 408 1774 tum,
424 1698 479 1783 qui
499 1700 531 1760 in
552 1698 640 1761 coelis
663 1698 729 1761 sine
751 1712 863 1779 matre,
878 1713 910 1764 et
932 1701 964 1763 in
990 1702 1080 1764 terris
1103 1703 1169 1766 sine
1192 1720 1280 1789 patre

325 1815 497 1866 natusest:
521 1800 585 1876 ille,
594 1800 737 1885 inquam,
748 1824 804 1864 nec
817 1815 938 1886 patrem
950 1804 1148 1869 nec'matrem
1160 1806 1280 1891 legitur

324 1902 483 1979 habuisse,
496 1926 559 1968 non
575 1902 663 1988 quod
680 1921 817 1988 utroque
828 1905 977 1978 caruerit,
988 1905 1041 1968 sed
1056 1907 1132 1992 quia
1143 1930 1276 1992 regnum

325 2022 357 2069 et
373 2004 582 2068 sacerdotium
594 2003 635 2066 de
649 2004 771 2067 ratione
786 2027 848 2066 non
861 2005 990 2090 pariunt
1007 2029 1079 2069 caro
1091 2020 1122 2071 et
1138 2011 1278 2092 sanguia,

323 2105 1278 2193 quuminalterutrocreandoparentumrespectuscitravir-

325 2223 431 2275 tutum
449 2213 561 2273 merita
575 2208 748 2294 praevalere
763 2231 824 2272 non
841 2208 967 2288 debeat,
979 2210 1033 2274 sed
1050 2212 1188 2276 salubria
1204 2215 1278 2276 sub-

318 2313 476 2397 jectorum
492 2309 633 2373 fidelium
650 2322 744 2384 vota3
768 2323 800 2374 et
817 2333 918 2396 quum
934 2310 1116 2377 alterutrius
1131 2312 1278 2377 culminis

322 2414 441 2497 apicem
458 2411 594 2498 quisque
608 2412 836 2488 conscenderit,
852 2412 996 2476 oblivisci
1017 2413 1111 2478 debet
1128 2416 1276 2479 affectum

314 2515 434 2594 carnis,
457 2527 488 2578 at
512 2513 546 2576 id
573 2513 675 2576 solum
702 2535 806 2597 agere,
831 2512 919 2598 quod
950 2515 1163 2599 subjectorum
1192 2517 1277 2581 salus

323 2615 475 2703 exposcit.
521 2615 681 2700 Subjectis
702 2615 812 2699 itaque
835 2628 926 2699 pater
948 2621 988 2680 sit
1011 2631 1042 2679 et
1058 2618 1204 2696 marituS,
1220 2633 1276 2684 aut

322 2721 349 2783 si
375 2717 561 2781 teneriorem
586 2715 707 2779 noverit
730 2714 938 2791 affectionem,
962 2729 1073 2780 utatur
1095 2740 1148 2782 ea:
1179 2722 1276 2784 amari

322 2821 424 2906 magis
439 2818 578 2896 studeat,
592 2840 689 2903 quam
706 2819 821 2897 timeri,
833 2831 864 2882 et
880 2840 912 2881 se
929 2819 1022 2883 talem
1040 2820 1102 2884 illis
1117 2822 1277 2903 exhibeat,

321 2937 358 2988 ut
383 2923 479 2987 vitam
500 2921 571 3005 ejus
587 2942 627 2983 ex
650 2918 818 2982 devotione
841 2920 1012 3005 praeferant
1034 2944 1112 3001 suae,
1135 2936 1167 2988 et
1190 2925 1273 2989 iuco-

321 3024 498 3088 lumitatem
515 3019 610 3098 illius,
624 3018 784 3104 quandam
805 3022 966 3105 publicam
989 3037 1139 3109 reputent
1155 3024 1272 3099 vitam3
1314 3038 1319 3049 ‘

320 3140 352 3190 et
364 3125 393 3187 ei
405 3135 481 3187 tunc
492 3121 598 3184 omnia
610 3134 694 3184 recte
706 3121 889 3205 procedent,
902 3137 934 3187 et
950 3146 1124 3209 paucorum
1137 3128 1274 3211 stipatus

319 3224 481 3312 obsequio,
497 3223 694 3311 praevalebit,
710 3223 736 3285 si
756 3247 838 3310 opus
852 3237 911 3301 est,
927 3224 1081 3290 adversus
1096 3228 1275 3293 innumera-

318 3330 408 3395 biles.
454 3328 561 3392 Fortis
575 3327 693 3392 etenim
709 3340 756 3392 est
773 3340 808 3392 ut
825 3350 909 3391 mors
924 3326 1069 3402 dilectio;
1093 3342 1125 3393 et
1141 3353 1271 3409 cuneus,

320 3455 412 3517 quem
435 3430 570 3495 funiculi
591 3429 708 3493 amoris
729 3430 961 3515 constringunt,
984 3453 1045 3494 non
1069 3432 1160 3496 facile
1186 3456 1272 3497 rum-

319 3532 415 3615 pitur.
460 3532 616 3593 Dotenses
644 3552 718 3593 cum
744 3530 995 3594 Atheniensibus
1025 3534 1198 3617 pugnaturi
1229 3535 1270 3597 de

318 3642 435 3694 eventu
456 3628 558 3712 praelii
574 3629 704 3693 oracula
724 3628 961 3694 consuluerunt.
1007 3634 1208 3717 Responsum
1224 3650 1271 3697 est

319 3730 496 3817 superiores
515 3728 594 3806 sore,
608 3728 667 3790 nisi
682 3751 788 3811 regem
806 3729 1049 3794 Atheniensium
1071 3732 1269 3799 occidissent.

320 3838 430 3909 Quum
453 3843 585 3895 ventum
599 3841 680 3891 esset
701 3828 733 3891 in
758 3828 887 3904 bellum,
904 3830 1061 3893 militibus
1077 3844 1150 3895 ante
1164 3835 1270 3901 omnia

318 3937 401 4022 regis
412 3933 555 3999 custodia
571 3930 768 4017 praecipitur.
808 3930 1061 3995 Atheniensibus
1075 3955 1112 3996 eo
1128 3946 1269 4021 tempore

318 4062 375 4102 rex
402 4036 526 4103 Codrus
549 4047 627 4100 erat.
672 4033 736 4107 Qui
761 4033 923 4119 responsio
949 4032 1020 4107 Dei,
1045 4046 1075 4098 et
1103 4044 1270 4125 praeceptis

319 4140 457 4202 hostium
473 4135 619 4221 cognitis,
629 4136 765 4198 mutatio
779 4133 863 4219 regis
878 4134 1003 4210 habitu,
1019 4149 1175 4201 sarmenta
1189 4142 1271 4206 collo

320 4261 442 4325 gerens,
456 4239 488 4303 in
504 4251 607 4302 castra
621 4235 760 4299 hostium
777 4236 965 4321 ingreditur.
1005 4239 1043 4300 In
1062 4241 1156 4304 turba
1171 4243 1269 4307 obsis-

320 4342 468 4415 tentium,
485 4362 503 4402 a
518 4338 617 4401 milite
632 4358 728 4421 quem
744 4338 824 4401 falce
844 4351 1054 4424 percusserat,
1069 4341 1269 4409 interficitur.

321 4440 459 4524 Cognito
475 4439 557 4523 regis
568 4461 710 4524 corpore,
724 4444 881 4503 Dotenses
893 4442 959 4505 siue
971 4440 1081 4525 praelio
1092 4442 1270 4512 discedunt.

362 4562 432 4608 voL.
449 4562 499 4607 111.
772 4563 794 4608 Q
