3575 5575
1196 229 1610 420 lma«
1663 273 2201 414 W

1150 482 1793 628 emma,
1824 514 2045 669 qm.

994 771 1079 829 38
1506 784 1779 829 somnis
1810 783 2370 829 ssassnssnmnms
2660 761 2830 842 [us.
2862 781 2910 825 r.

999 934 1212 1000 uicum
1244 933 1431 1018 gerit.
1496 935 1711 1011 Quum
1739 956 1889 998 vero
1917 932 2127 999 modis
2159 936 2292 998 suis
2323 930 2681 1017 elegantius
2708 930 2908 995 fuerit

1003 1034 1302 1113 colorata,
1333 1048 1669 1101 venustate
1709 1037 1809 1100 sui
1838 1046 2077 1101 mentes
2119 1036 2309 1101 etiam
2340 1033 2683 1099 severiores
2709 1030 2915 1119 capit,

999 1150 1063 1201 et
1092 1136 1368 1222 quadam
1396 1136 1679 1203 inductoe
1706 1136 2045 1203 hilaritatis
2084 1138 2295 1222 gratia
2323 1134 2505 1222 pellit
2538 1134 2859 1201 tristitiam
2881 1160 2906 1200 .-

1001 1249 1066 1301 et
1094 1236 1148 1299 si
1179 1235 1338 1321 quid
1371 1235 1672 1323 pulveris,
1701 1249 1817 1302 aut
1858 1237 2155 1313 turbinis,
2185 1250 2300 1302 aut
2329 1235 2702 1301 nebularum
2734 1233 2910 1319 cogi-

1002 1337 1353 1403 tationibus
1408 1336 1563 1426 ipsis
1612 1338 1972 1418 inhaeserat,
2030 1351 2324 1425 potenter
2381 1337 2714 1422 abstergit.
2801 1335 2908 1401 Ad

1004 1460 1213 1503 mores
1244 1439 1464 1526 itaque
1498 1440 1905 1505 instruendos
1950 1453 2017 1505 et
2062 1442 2307 1505 animos
2347 1438 2744 1505 exultatione
2783 1437 2914 1501 vir-

1003 1541 1164 1605 tutis
1201 1542 1607 1628 trajiciendos
1650 1545 1717 1607 in
1756 1507 2002 1608 cultum
2047 1542 2345 1634 Domini,
2361 1564 2485 1605 non
2529 1540 2720 1621 modo
2757 1560 2909 1632 con-

1002 1652 1255 1704 centum
1287 1638 1632 1722 bominum,
1664 1637 1884 1705 Εἴθε
1907 1635 2484 1705 instrumentorum
2517 1637 2738 1702 modos
2766 1625 2913 1701 cen-

1004 1752 1265 1805 suerunt
1285 1741 1483 1806 sancti
1497 1755 1710 1826 patres
1721 1742 2002 1806 Domino
2020 1741 2456 1828 applicandos,
2469 1763 2667 1827 quum
2691 1738 2918 1824 templi

1003 1841 1421 1906 reverentiam
1458 1842 1821 1908 dilatarent.
1894 1846 1988 1908 Et
2019 1843 2071 1907 si
2112 1843 2447 1908 militantis
2484 1841 2765 1907 ecclesioe
2796 1839 2913 1907 tibi

1002 1962 1201 2025 parva
1242 1940 1501 2006 videtur
1542 1942 1910 2021 auctoritaS,
1952 1944 2052 2007 vel
2095 1943 2549 2031 triumphatrix
2595 1942 2703 2006 illa
2745 1965 2908 2029 prae-

1005 2042 1188 2104 conia
1216 2041 1475 2108 musicae
1504 2064 1629 2106 non
1661 2042 1919 2120 tacebit,
1949 2045 2139 2131 cujus
2179 2049 2451 2110 seniores
2480 2044 2668 2123 vidit,
2695 2058 2758 2109 et
2790 2043 2907 2109 tibi

2682 2129 2836 2137 .-----———--⁴
2845 2130 2916 2136 -μ

1009 2138 1385 2204 monstravit
1391 2139 1715 2228 tonitrui
1727 2140 1939 2222 filius
1947 2154 2250 2228 eQes
2259 2165 2487 2230 eorum
2520 2142 2701 2228 sicut
2729 2163 2921 2229 vpces

987 2238 2180 2335 JthamdoruQcythanmnnum
2126 2266 2188 2306 ιιι
2185 2222 2524 2330 cytharis
2525 2243 2678 2322 suis».
2724 2218 2915 2321 Quod

1013 2342 1062 2405 si
1094 2340 1236 2405 illos
1264 2341 1551 2408 nondum
1577 2342 1836 2420 audisti,
1863 2364 2077 2429 regem
2108 2344 2333 2409 audias
2362 2345 2780 2421 exultantem,
2801 2342 2919 2429 qui

1012 2456 1076 2507 te
1103 2444 1282 2528 regni
1311 2458 1376 2509 et
1405 2444 1819 2512 exultationis
1846 2470 1980 2512 suae
2012 2446 2149 2512 vult
2181 2470 2316 2511 esse
2346 2446 2741 2535 participem.
2799 2445 2912 2511 Ait

1014 2545 1217 2609 enim:
1267 2547 1512 2611 Sumite
1541 2548 1883 2633 psalmum,
1913 2547 2062 2613 date
2107 2562 2511 2635 tympanum,
2543 2545 2916 2634 psalterium

1001 2649 1364 2735 jucundum
1389 2671 1536 2714 cum
1559 2651 1843 2736 cythara.
1899 2651 2000 2717 Ad
2026 2652 2209 2769 quid,
2228 2650 2477 2737 inquis?
2523 2648 2619 2715 Ut
2643 2648 2925 2714 laudetis

1013 2751 1415 2818 Dominum
1398 2775 1462 2818 ιιι
1505 2762 1811 2840 tympano
1841 2767 1904 2820 et
1936 2755 2202 2832 choro,
2183 2776 2254 2820 m
2280 2752 2534 2821 chordis
2562 2768 2624 2819 et
2656 2773 2917 2836 organo.

847 2888 978 2966 >4
1019 2854 1150 2919 Hic
1180 2865 1277 2918 est
1302 2856 1468 2919 enim
1513 2879 1666 2922 usus
1697 2859 1974 2922 Musicae
2011 2875 2125 2925 aut
2156 2859 2355 2936 εοΙιιε,
2381 2872 2493 2922 aut
2532 2855 2919 2944 praecipuus.

1014 2953 1338 3037 Phrygius
1361 2978 1511 3018 vero
1531 2957 1783 3032 modus,
1801 2971 1866 3020 et
1888 2971 2114 3022 caetera
2134 2958 2559 3045 corruptionis
2578 2957 2922 3032 lenocinia,

1022 3075 1190 3118 sanae
1212 3055 1632 3120 institutionis
1659 3078 1785 3120 non
1804 3057 2044 3122 habent
2069 3081 2279 3138 usum,
2302 3060 2409 3123 sed
2433 3059 2718 3144 produnt
2740 3058 2925 3122 mali-

1021 3156 1174 3219 tiam
1226 3156 1568 3223 abutentis.
1660 3157 1858 3223 Dolet
1909 3159 2113 3244 igitur
2164 3172 2228 3224 et
2275 3159 2635 3242 ingemiscit
2684 3162 2928 3246 species

1019 3256 1357 3323 laudabilis
1395 3258 1771 3346 disciplinae,
1803 3284 1868 3325 se
1912 3259 1996 3324 ab
2034 3260 2240 3325 alieno
2270 3260 2426 3325 vitio
2469 3259 2832 3340 deformari,
2858 3274 2925 3324 et

1016 3359 1192 3444 quod
1221 3360 1416 3424 facies
1443 3363 1791 3427 meretricis
1819 3363 1989 3426 facta
2018 3374 2113 3426 est
2144 3361 2225 3439 ei,
2247 3384 2397 3447 quoe
2428 3359 2641 3425 viriles
2664 3382 2922 3446 quoque

1014 3458 1258 3522 animos
1285 3460 1624 3525 accendere
1647 3473 2062 3526 consueverat
2085 3462 2167 3525 ad
2192 3462 2522 3528 virtutem.
2586 3459 2922 3524 Amatoria

1018 3558 1448 3624 bucolicorum
1483 3560 1656 3648 apud
1687 3559 1858 3625 viros
1884 3585 2117 3646 graves
2154 3585 2308 3640 esse,
2340 3561 2552 3627 fuerat
2592 3561 2878 3629 criminis
2898 3587 2928 3636 ς
2997 3601 3003 3608 ·

1020 3661 1210 3726 Nunc
1242 3685 1394 3728 vero
1416 3661 1591 3726 laudi
1623 3661 1907 3740 ducitur,
1926 3666 1981 3728 si
2014 3663 2225 3729 videas
2244 3664 2569 3750 graviores
2591 3665 2932 3740 amatoria,

899 3799 903 3803 ·
1023 3787 1167 3851 quae
1189 3765 1312 3829 ab
1293 3763 1450 3851 ipsis
1471 3763 1779 3828 dicuntur
1801 3763 2153 3850 elegantius
2176 3765 2546 3843 stulticinia,
2569 3786 2925 3851 personare.

943 3856 945 3862 ’
1031 3863 1239 3947 Ipsum
1282 3888 1543 3952 quoque
1580 3864 1826 3932 cultum
1871 3866 2195 3952 religionis
2234 3871 2523 3948 incestat,
2555 3867 2732 3952 quod
2777 3877 2926 3931 ante

1027 3984 1426 4053 conspectum
1458 3970 1794 4046 Domini,
1776 3991 1845 4035 ιιι
1891 3970 2043 4055 ipsis
2086 3969 2519 4057 penetralibus
2559 3969 2927 4044 sanctuarii,

1029 4067 1406 4135 lascivientis
1426 4067 1598 4132 vocis
1620 4069 1807 4150 luxu,
1826 4070 2107 4155 quadam
2126 4069 2550 4135 ostentatione
2567 4068 2690 4146 sui,
2710 4067 2931 4133 mulie-

1031 4168 1252 4235 bribus
1281 4168 1484 4234 modis
1513 4167 1879 4234 notularum
1910 4169 2459 4255 articulorumque
2488 4169 2773 4246 caesuriS,
2798 4182 2931 4234 stu-

1035 4284 1253 4357 pentes
1282 4269 1590 4335 animulas
1617 4271 1903 4335 emollire
1932 4270 2247 4336 nituntur.
2340 4272 2552 4348 Quum
2585 4269 2932 4355 praecinen-

1035 4375 1217 4446 rium,
1272 4390 1334 4438 et
1390 4373 1872 4455 succinentium,
1925 4374 2307 4452 canentium,
2365 4384 2426 4437 et
2480 4371 2932 4446 decinentium,
