3575 5575
355 825 426 870 cae.
443 807 513 888 xa]
702 825 956 872 mercatrices.
1245 809 1305 873 321

353 978 426 1061 quis
435 979 581 1063 iniquum
592 979 726 1055 lucrum,
738 980 788 1042 vel
799 978 950 1041 damnum
965 978 1089 1054 sentiat,
1100 979 1303 1060 praecavebit.

351 1079 507 1162 Congruit
522 1080 610 1148 enim
621 1082 707 1144 bono
723 1090 755 1144 et
767 1082 853 1162 gravi
868 1079 1009 1164 praesidi,
1021 1101 1130 1143 curare
1143 1089 1177 1142 ut
1189 1094 1303 1162 pacata

351 1188 384 1243 et
404 1183 512 1264 quieta
532 1182 573 1245 sit
592 1182 775 1264 provincia:
805 1179 891 1265 quod
909 1179 1004 1243 facile
1028 1179 1187 1243 obtinebit
1208 1180 1235 1242 si
1251 1203 1303 1244 so·

349 1282 437 1346 licite
470 1293 554 1364 agat,
588 1293 624 1346 ut
650 1283 742 1346 malis
771 1281 957 1344 hominibus
990 1281 1156 1362 provincia
1189 1295 1304 1359 careat,

348 1402 469 1466 eosque
484 1383 660 1466 conquirat.
698 1384 782 1445 Nam
798 1392 831 1444 ot
846 1381 1029 1462 sacrilegos,
1043 1381 1194 1456 latrones,
1207 1381 1301 1459 fures,

348 1483 518 1566 plagiarios
541 1483 729 1566 conquirere
754 1482 860 1558 debet,
887 1491 920 1544 et
944 1489 1039 1562 prout
1062 1480 1196 1563 quisque
1223 1482 1301 1544 deli-

349 1583 463 1666 querit,
479 1583 511 1644 in
528 1604 600 1646 eum
616 1581 876 1657 animadvertere,
887 1589 1164 1664 receptatoresque
1181 1602 1300 1658 eorum,

349 1683 419 1746 sine
443 1684 562 1767 quibus
589 1685 667 1746 latro
692 1680 811 1744 diutius
833 1683 931 1744 latere
957 1702 1021 1743 non
1044 1691 1158 1764 potest.
1203 1682 1301 1744 Omni

349 1806 423 1847 vero
443 1784 500 1868 jus
523 1783 668 1848 reddenti
694 1782 928 1846 observandum
955 1794 1013 1861 est,
1035 1783 1125 1846 utin
1149 1782 1300 1846 adeundo

349 1885 479 1969 quidem
499 1885 623 1949 facilem
642 1905 676 1946 se
697 1886 848 1966 praebeat,
868 1881 926 1946 sed
949 1884 1112 1946 contemni
1131 1904 1196 1945 non
1216 1884 1301 1966 pati-

349 1995 428 2046 atur.
472 1986 569 2050 Unde
592 1984 748 2050 mandatis
771 1985 927 2069 adjicitur,
951 2006 991 2048 ne
1015 1984 1170 2068 praesides
1192 1984 1225 2047 in
1249 1986 1298 2046 nl*

347 2086 494 2150 terionem
510 2087 754 2150 familiaritatem
768 2086 980 2169 provinciales
995 2084 1172 2150 admittant.
1212 2086 1298 2148 Nam

347 2210 390 2252 ex
410 2189 647 2253 conversatione
667 2189 794 2272 aequali,
808 2188 1007 2272 contemptio
1029 2187 1171 2252 nascitur
1192 2187 1298 2269 ‹ligni-

346 2292 429 2355 tatis.
473 2292 519 2355 Et
539 2291 721 2355 summatim
739 2291 785 2354 ita
804 2289 860 2372 jus
884 2288 977 2352 reddi
1005 2290 1113 2366 debet,
1132 2300 1168 2351 ut
1186 2297 1296 2351 aucto-

345 2392 470 2456 ritatem
500 2392 663 2472 dignitatis
688 2391 818 2473 ingenio
845 2411 904 2453 suo
931 2400 1055 2470 augeat.
1112 2388 1179 2453 Sed
1204 2397 1237 2452 et
1264 2391 1297 2452 in

346 2492 586 2574 cognoscendo,
607 2512 669 2554 nec
695 2487 931 2552 excandescere
957 2489 1106 2552 adversus
1128 2510 1194 2567 eos,
1217 2511 1298 2573 quos

345 2596 447 2658 malos
461 2602 564 2677 putat,
575 2613 635 2655 nec
651 2593 802 2675 precibus
812 2592 1069 2655 calamitosorum
1083 2591 1296 2674 illachrymari

346 2706 480 2777 oportet.
524 2694 565 2757 ld
584 2694 669 2757 enim
684 2704 813 2757 nonest
831 2693 1006 2756 constantis
1021 2704 1053 2755 et
1071 2693 1149 2755 recti
1162 2691 1298 2776 judicia,

347 2798 438 2881 cujus
462 2805 586 2858 motum
612 2796 710 2858 animi
735 2795 841 2857 vultus
867 2793 996 2876 detegit.
1043 2793 1130 2867 Quid
1155 2794 1297 2858 enimin

345 2898 411 2961 viro
427 2897 516 2979 gravi
530 2897 714 2975 deformiuS,
727 2918 825 2981 quam
840 2896 865 2959 si
881 2895 922 2960 ad
938 2918 1045 2959 auram
1058 2918 1148 2979 genae
1164 2898 1297 2981 pallent,

346 3001 429 3065 cutis
449 3001 483 3063 in
503 3022 597 3083 rugas
617 3000 825 3075 contrahitur,
839 2999 1018 3063 scintillant
1039 3001 1136 3078 oculi,
1152 3001 1296 3063 turbatur

344 3105 468 3180 vultus3
489 3115 545 3166 aut
559 3103 587 3166 si
602 3102 792 3183 sanguinem
810 3100 904 3163 faciei
922 3102 969 3164 ira
983 3101 1142 3179 accendit,
1157 3109 1189 3165 et
1204 3101 1297 3185 quasi

345 3204 491 3269 excludit
504 3205 539 3267 iu
561 3202 777 3288 superficiem,
793 3203 974 3285 spumantia
995 3214 1181 3287 torquentur
1199 3202 1295 3280 labia,

344 3306 475 3369 brachia
489 3306 666 3391 jactantur,
689 3306 807 3368 saliunt
829 3304 942 3387 pedes,
961 3326 1077 3388 corpus
1097 3304 1243 3389 trepidat,
1264 3314 1297 3367 et

345 3418 412 3471 toto
430 3420 521 3491 gestu
540 3430 606 3470 non
626 3418 691 3471 tam
713 3408 826 3469 iratum
849 3406 1009 3490 exprimit,
1024 3428 1118 3490 quam
1140 3407 1296 3470 insanum.

344 3508 437 3571 Certo
447 3530 546 3591 quum
555 3509 635 3571 tales
643 3507 749 3585 video,
758 3506 1017 3590 compatiorillis,
1027 3507 1169 3590 mihique
1179 3516 1296 3579 metu0‚

344 3628 465 3670 memor
494 3608 674 3685 hominum,
705 3628 787 3689 quos
816 3607 851 3669 in
884 3608 994 3671 Africa
1030 3629 1110 3687 esse,
1143 3610 1177 3673 in
1214 3608 1297 3670 libro

343 3709 495 3772 naturalis
524 3708 664 3770 historiae
695 3707 781 3791 apud
813 3708 955 3770 Plinium
980 3708 1093 3773 didici.
1136 3708 1298 3771 Dicuntur

344 3811 431 3874 enim
446 3807 633 3873 effascinare
649 3830 728 3871 voce
744 3818 776 3871 et
791 3808 913 3889 lingua,
930 3821 965 3873 ut
980 3811 1007 3873 si
1026 3809 1200 3894 impensius
1216 3810 1296 3873 forte

342 3909 543 3973 laudaverint
557 3909 707 3991 pulchras
729 3911 868 3983 arbores,
885 3919 1009 3989 segetes
1024 3910 1225 3989 amoeniores,
1239 3911 1297 3974 lae-

342 4012 439 4074 tiores
451 4010 599 4085 infantes,
612 4031 713 4093 equos
728 4010 883 4092 egregios,
897 4010 1038 4095 pecudes
1053 4021 1146 4093 pastu
1157 4023 1190 4075 et
1204 4013 1294 4075 cultu

343 4111 490 4193 optimas,
504 4124 634 4195 repente
648 4112 835 4185 moriantur,
852 4122 907 4175 aut
925 4122 1067 4194 pereant.
1111 4114 1138 4175 F
1139 4113 1295 4177 aseinatio

343 4235 471 4298 quoque
485 4217 650 4278 oculorum
665 4216 804 4279 exitialis
818 4226 878 4278 est.
922 4216 1032 4278 Refert
1046 4216 1130 4280 idern
1146 4217 1293 4279 homines

344 4336 414 4378 esse
429 4316 462 4377 in
478 4314 628 4397 Illyricis,
643 4318 698 4399 qui
712 4316 900 4380 interimant
914 4317 1064 4395 videndo,
1079 4338 1159 4401 quos
1175 4317 1294 4381 diutius

343 4417 416 4480 irati
438 4414 582 4479 viderint.
628 4418 760 4501 Eosque
779 4419 869 4500 ipsos
889 4438 1003 4493 mares,
1018 4417 1218 4503 feminasque
1234 4420 1291 4503 qui

390 4535 530 4579 von.111.
821 4536 844 4579 Y
