3575 5575
86 485 90 496 .
200 550 257 659 ρ
318 297 605 573 lapda
655 372 741 479 ατ,
902 328 991 465 da
1028 290 1372 478 sinuatio
1416 274 1560 469 las

200 600 354 745 saa

1703 499 1705 606 l

506 810 548 868 50
766 822 902 867 connais
919 820 1196 867 sanasanmaasrs
1336 802 1420 881 [ma.
1437 822 1460 864 ι.

510 973 618 1037 umbre
639 971 836 1058 gradientes,
859 972 936 1035 dum
960 985 1067 1036 tamen
1093 972 1127 1035 in
1153 981 1248 1056 pastu
1275 970 1463 1035 itinerantes

508 1074 701 1160 praecedant.

728 1320 807 1404 Cap.
827 1324 876 1383 la.
899 1318 953 1382 Da
965 1319 1066 1381 vano
1080 1318 1237 1381 omnibus.

551 1470 591 1532 In
606 1467 841 1553 expeditionem
857 1465 973 1531 missus
990 1464 1112 1529 Consul
1133 1466 1365 1547 Romanorum,
1379 1467 1457 1531 dum

508 1568 627 1632 nullius
653 1568 727 1633 boni
752 1570 866 1633 ominis
888 1569 1056 1634 sortiretur
1082 1568 1272 1654 auspicium,
1294 1568 1458 1633 columbas

502 1669 625 1762 jejunio
647 1673 817 1753 confectas,
839 1674 947 1757 granis
969 1669 1086 1757 sparsis
1108 1670 1240 1735 triticeis
1262 1671 1294 1734 in
1317 1669 1369 1734 via
1393 1693 1458 1757 qua

505 1777 611 1836 iturus
626 1787 704 1851 erat,
720 1774 864 1860 praeferri
882 1773 991 1859 jussit,
1006 1784 1042 1837 ut
1062 1773 1112 1836 vel
1132 1795 1242 1838 earum
1262 1773 1366 1836 omine
1384 1793 1456 1836 aus-

506 1873 580 1958 picii
602 1874 753 1940 duritiam
776 1876 966 1940 sublevaret.
1013 1879 1094 1949 Quae
1116 1898 1218 1961 quum
1237 1874 1422 1960 diligentius
1437 1898 1457 1938 a

507 1976 586 2041 cibis
600 1979 804 2058 abstinerent,
819 2000 871 2042 eas
885 1977 1079 2064 praecipitari
1091 1979 1189 2064 jussit
1203 1979 1237 2041 in
1257 1976 1402 2052 fluvium,
1419 1990 1457 2042 ut

506 2082 616 2143 saltem
634 2080 795 2145 biberent:
820 2080 1056 2165 submersaeque
1069 2078 1103 2143 in
1122 2078 1265 2155 flumine,
1279 2079 1457 2144 docuerunt

508 2180 678 2245 Consulem
694 2206 766 2247 cum
782 2182 924 2247 exercitu
940 2182 1221 2268 submergendum.
1260 2179 1325 2246 Hic
1340 2184 1455 2246 etenim

508 2297 663 2368 sequutus
684 2300 730 2351 est
754 2303 897 2351 eventus.
941 2289 1027 2372 Apes
1049 2285 1194 2351 Platonis
1215 2283 1364 2348 infantuli
1394 2282 1455 2348 mel

506 2384 597 2451 labiis
619 2386 807 2467 inferebant,
828 2387 1020 2474 singularem
1043 2387 1243 2451 dulcedinem
1267 2385 1456 2471 eloquentiae

505 2489 574 2574 ejus
598 2489 741 2555 futuram
767 2490 1004 2576 praesignantes.
1050 2490 1153 2554 Hiero
1179 2511 1322 2553 summus
1344 2502 1456 2574 postea

506 2589 621 2655 Siciliae
642 2592 859 2677 magistratus,
875 2590 963 2677 quod
985 2590 1104 2656 virtute
1123 2590 1310 2676 promeruit,
1325 2612 1345 2653 a
1364 2603 1455 2675 patre

502 2691 698 2757 nobilissimo
723 2692 792 2757 viro
820 2692 986 2779 expositus
1011 2703 1070 2767 est,
1097 2715 1137 2755 eo
1163 2691 1249 2777 qnod
1276 2713 1316 2754 ex
1343 2690 1457 2755 ancilla

502 2805 666 2880 susceptus
702 2796 1019 2859 dehonestamentum
1055 2792 1180 2878 generis
1214 2791 1393 2868 videbatur,
1423 2806 1457 2858 et

503 2895 593 2978 quasi
608 2899 760 2977 probrosa
770 2897 846 2958 clari
858 2895 1021 2979 sanguinis
1033 2895 1167 2961 macula.
1205 2895 1269 2960 Sed
1284 2894 1454 2981 parvulum

504 3007 536 3057 et
561 2992 757 3079 indigentem
780 2994 850 3079 opis
876 2996 1025 3059 humanae
1049 3018 1125 3080 apes
1149 2998 1233 3060 circa
1258 3020 1332 3060 eum
1362 2997 1455 3062 melle

505 3108 666 3181 congesto,
677 3095 823 3181 plurimis
834 3095 942 3161 aluere
957 3096 1089 3159 diebus:
1113 3109 1146 3160 et
1161 3099 1205 3160 sic
1220 3099 1353 3163 consilio
1367 3123 1455 3164 arus·

502 3196 609 3283 picum
625 3197 653 3260 ei
669 3214 803 3282 regnum
815 3195 963 3283 portendi
975 3196 1170 3274 canentium,
1182 3221 1202 3262 a
1216 3210 1307 3284 patre
1316 3201 1455 3286 agnitus,

503 3299 697 3377 recollectus,
709 3312 741 3365 et
753 3299 922 3386 diligenter
937 3298 1104 3364 institutus
1113 3312 1171 3363 est.
1208 3299 1341 3366 Parvuli
1354 3303 1455 3367 Midae

501 3401 667 3466 cunabulis
688 3401 828 3466 formicae
849 3423 950 3486 grana
969 3400 1067 3466 tritici
1087 3401 1316 3484 congerebant,
1334 3401 1452 3487 signifi.

503 3516 610 3568 cantes
624 3527 695 3570 eum
711 3505 857 3568 futurum
874 3503 1079 3569 ditissimum.
1117 3504 1215 3568 Unde
1229 3515 1261 3567 et
1277 3525 1327 3567 res
1341 3527 1453 3570 aureas

502 3603 602 3692 ipsius
612 3617 734 3670 attactu
746 3605 814 3668 fieri
826 3616 930 3692 poetae
939 3605 1109 3670 linxerunt.
1145 3605 1284 3693 Sulpitio
1298 3607 1459 3672 sacerdoti

501 3705 611 3793 lapsus
626 3729 708 3794 apex
720 3707 885 3792 decapite,
895 3707 1104 3772 sacerdotium
1117 3707 1261 3774 abstulit.
1295 3710 1454 3775 Occentus

502 3808 609 3874 soricis
638 3809 767 3876 auditus
798 3809 845 3873 M.
874 3810 976 3874 Fabio
1005 3810 1240 3894 praefecturam.
1295 3812 1330 3874 Si
1358 3811 1454 3896 nugis

504 3911 605 3974 Iberis
628 3936 684 3996 per
699 3911 813 3978 omnia'
827 3911 938 3990 credis,
955 3912 981 3975 si
998 3924 1115 3977 vestem
1131 3912 1163 3975 in
1177 3912 1284 3999 operia
1299 3915 1348 3976 tui
1361 3913 1454 3976 initio

503 4035 521 4074 a
546 4012 697 4077 soricibus
718 4036 875 4078 corrosam
903 4018 1047 4094 senseris,
1069 4027 1211 4100 tempera
1232 4014 1274 4076 ab
1295 4012 1453 4097 incoeptis.

503 4110 535 4175 Si
554 4112 718 4198 egrediens
740 4113 835 4177 limen
859 4114 1040 4190 calcaveris,
1064 4128 1120 4179 aut
1142 4115 1176 4177 in
1200 4113 1251 4177 via
1271 4111 1452 4191 offenderis,

502 4214 615 4300 pedem
637 4215 771 4280 contine.
818 4217 852 4279 Si
873 4215 905 4279 in
925 4215 1090 4302 procinctu
1114 4215 1311 4301 agendorum
1330 4214 1452 4302 aliquid

501 4316 610 4380 damni
626 4317 803 4401 pertuleris,
819 4316 946 4382 differes
964 4317 1123 4394 inchoata,
1139 4321 1245 4382 nevel
1265 4329 1333 4381 tota
1351 4317 1453 4383 inten-

502 4421 587 4483 tione
612 4417 786 4496 frustreris,
802 4431 866 4483 aut
890 4416 1047 4482 inutiliter
1068 4417 1249 4504 impleatur.
1293 4423 1452 4506 Expecta,
