3575 5575
1163 239 1400 498 itit,

439 803 442 810 ’
492 793 556 854 170
745 804 881 851 rennuis
896 802 1174 850 ssnssnomnusrs
1297 784 1379 864 [mn.
1397 804 1449 850 111.

492 953 650 1034 suadebit,
666 963 703 1020 ut
722 949 809 1044 quod
830 953 964 1042 appetit,
979 951 1087 1030 iaciat,
1104 960 1126 990 “
1142 951 1168 1018 si
1186 952 1294 1037 possit,
1310 963 1407 1031 recte,
1423 954 1449 1020 si

491 1079 567 1140 non,
580 1079 772 1145 quocunque
787 1057 883 1124 modo
898 1061 996 1125 rem.'’
1028 1056 1149 1124 Verum
1165 1055 1221 1143 qni
1236 1078 1294 1122 suo
1306 1057 1450 1138 nomine,

491 1171 528 1232 ut
543 1161 669 1247 proprie
685 1160 884 1248 eloquamur,
900 1158 1018 1227 dicitur
1032 1157 1188 1239 adulator,
1203 1157 1281 1224 vitia
1294 1159 1450 1246 cujusque

488 1263 628 1341 dealbat,
653 1275 687 1330 et
709 1287 751 1331 ne
773 1286 807 1332 se
829 1263 935 1351 ipsum
962 1262 1079 1339 videat,
1101 1260 1211 1332 oculos
1237 1261 1450 1349 colloquentis

489 1366 627 1453 quadem
643 1367 729 1436 nube
744 1365 892 1434 vanitatis
907 1364 1031 1451 implet,
1042 1374 1078 1432 et
1090 1387 1184 1434 aurea
1194 1363 1281 1434 falsis
1292 1365 1447 1451 praeccni-

489 1489 581 1532 orum
596 1468 697 1533 titulis
713 1468 826 1534 reficit.
873 1468 933 1534 Ait
948 1467 1094 1550 Etbicus‚

559 1580 631 1643 Quid
642 1580 710 1649 qnod
721 1580 844 1634 adulandi
856 1598 923 1649 gens
935 1581 1136 1652 prudentissima
1146 1580 1237 1633 luudnt
1340 1644 1342 1651 Ι

558 1666 708 1718 Sermonem
719 1665 826 1731 indocti,
837 1663 933 1719 faciem
943 1664 1065 1718 deformia
1076 1667 1163 1731 amici,
1328 1655 1335 1669 ⁶

558 1750 595 1804 Et
604 1749 711 1818 longum
723 1749 829 1802 invalidi
841 1751 935 1804 collum
945 1752 1087 1804 cervicibus
1097 1756 1184 1820 oequei

558 1835 691 1899 Herculis,
701 1835 826 1888 Antaeum
837 1836 926 1907 procul
938 1854 954 1890 a
966 1836 1059 1890 tellure
1071 1835 1199 1890 tenentis:

557 1919 671 1972 Miratur
682 1937 771 1972 vocem
782 1925 929 1986 angustam,
941 1938 993 1988 qno
1004 1921 1118 1974 deterius
1128 1938 1178 1972 nec

557 2004 607 2058 llle
618 2009 702 2070 sonet,
714 2021 765 2072 quo
777 2005 908 2058 mordetur
918 2004 1018 2073 galline
1029 2007 1132 2060 marito.

489 2101 562 2172 Hoc
587 2111 696 2165 autem
722 2098 856 2164 minime
883 2099 1010 2166 videtur
1032 2100 1163 2180 mirum,
1186 2100 1214 2166 si
1240 2101 1446 2188 perditissimi

486 2202 643 2284 homines,
658 2214 692 2268 et
713 2201 830 2289 quibus
843 2201 899 2267 hic
916 2203 1023 2288 gravis
1042 2204 1184 2287 morbus,
1198 2215 1233 2270 et
1254 2204 1446 2271 foeculentns

486 2307 628 2373 mundus
648 2305 837 2386 sordidatur,
853 2305 895 2370 ad
915 2318 1039 2371 tantam
1061 2307 1294 2394 turpitudinem
1315 2318 1446 2394 possunt

485 2408 618 2495 impelli,
658 2409 723 2474 Sed
738 2409 798 2474 hoc
811 2410 916 2496 potius
927 2408 1011 2474 duco
1021 2409 1178 2489 mirabile,
1190 2411 1276 2498 quod
1289 2411 1444 2498 populum

484 2511 540 2600 qni
556 2511 616 2576 sibi
627 2510 737 2576 credat
747 2511 898 2589 habeant,
909 2510 964 2599 qui
975 2511 1016 2576 de
1031 2533 1066 2576 ae
1080 2511 1182 2597 magis
1196 2512 1310 2578 eliense
1322 2514 1442 2597 linguae

484 2612 676 2702 acquiescet,
699 2635 796 2701 quam
819 2613 957 2700 propriae
977 2613 1101 2698 judicio
1123 2615 1339 2698 conscientioe,
1361 2616 1440 2680 dum

483 2717 620 2805 seipsum
637 2716 774 2805 quilibet
788 2727 878 2782 extre
892 2738 926 2782 se
942 2717 1068 2805 quierit,
1080 2726 1114 2780 et
1129 2739 1221 2783 nosse
1236 2717 1441 2804 dedignatur,

483 2842 581 2905 quem
605 2820 647 2884 sit
669 2820 729 2885 sibi
749 2833 840 2886 curta
863 2820 1017 2907 supellex.
1062 2820 1152 2886 Nihil
1175 2835 1224 2887 est
1245 2823 1333 2887 enim
1355 2822 1442 2911 quod

485 2922 616 2985 credere
627 2922 668 2985 de
683 2944 717 2987 ae
733 2944 796 2987 non
809 2924 906 3008 possit
918 2945 1018 3011 quum
1030 2923 1188 3003 laudatur,
1200 2947 1264 2990 non
1276 2926 1372 2990 modo
1382 2925 1443 2989 diis

484 3044 579 3109 aeque
601 3033 752 3109 potestas,
773 3023 831 3089 aed
857 3046 1060 3114 quaecunque
1085 3025 1194 3092 anima
1216 3028 1257 3093 de
1284 3027 1443 3092 fermento

483 3124 642 3213 superbiae
658 3125 851 3193 intumescit.

485 3444 565 3529 Cap.
581 3452 611 3511 5.
634 3447 687 3510 De
701 3449 827 3511 cautela
843 3450 1061 3529 adulatorum,
1075 3459 1107 3515 et
1114 3452 1244 3536 froude
1257 3450 1440 3542 multiplici,

582 3554 613 3611 et
628 3548 795 3611 comitibus
809 3550 1021 3631 adulationis,
1037 3557 1068 3615 et
1081 3554 1208 3634 sequela
1223 3574 1344 3617 eorum.

527 3708 619 3773 Suus
643 3718 760 3787 tamen,
781 3705 836 3792 qui
852 3708 1001 3791 vulgares
1021 3720 1053 3773 ct
1077 3706 1276 3775 adulationes
1297 3707 1437 3794 plebeios

483 3833 546 3875 non
567 3809 751 3886 admittant,
775 3821 812 3873 ut
835 3807 893 3893 qui
916 3808 1028 3873 nolunt
1051 3808 1105 3874 vili
1128 3823 1303 3893 unguento,
1326 3807 1437 3872 oleove

482 3926 643 3995 corrupto,
651 3913 738 4001 quod
748 3910 898 3981 omnibus
906 3911 1010 3987 foetet,
1022 3912 1254 3998 iuungi,quum
1263 3910 1440 3976 amicorum

481 4024 538 4083 aut
553 4013 756 4079 convivarum
767 4026 924 4098 expetunt
939 4013 1084 4097 gratiam.
1109 4012 1193 4089 Quid
1210 4011 1294 4076 enim
1310 4009 1439 4095 turpius

481 4124 646 4196 est,quam
662 4112 703 4175 ad
719 4111 873 4178 lenocinia
884 4112 1049 4178 histrionis
1062 4112 1288 4197 transfigurare
1299 4110 1439 4189 vultum,

482 4224 607 4285 mutare
629 4212 784 4291 habitum,
807 4226 930 4278 motum
952 4214 1081 4289 ducere,
1102 4225 1135 4278 et
1159 4235 1222 4277 non
1245 4223 1311 4278 tam
1330 4211 1439 4278 videre

481 4312 589 4388 alium,
607 4334 702 4398 quam
718 4312 870 4398 seipsum
885 4337 997 4399 gerere
1012 4313 1220 4381 histrionem?
1245 4312 1334 4392 Quid
1350 4313 1441 4398 inep-

481 4416 559 4494 tius,
570 4436 668 4500 quam
684 4437 784 4501 quum
801 4414 882 4480 alius
898 4438 1014 4502 magno
1029 4416 1119 4483 biatu
1134 4416 1210 4500 oria,
1220 4416 1263 4483 ad
1279 4431 1311 4483 te
1327 4411 1440 4501 impel·
