3575 5575
597 254 866 429 &aare
904 232 1294 425 cadell&

634 486 1071 678 &qumi-as

317 820 386 866 eae.
404 802 456 881 ιι]
658 821 913 870 rotronarrcus.
1224 810 1262 868 ot

316 970 545 1036 contemnenda
563 976 657 1057 quam
679 972 840 1057 fugienda.
881 976 1014 1038 Certum
1037 973 1194 1060 siquidem
1210 985 1270 1053 est,

315 1071 403 1156 quod
420 1071 625 1157 diligentibus
636 1077 740 1137 Deum
753 1073 859 1137 omnia
869 1087 1080 1159 cooperantur
1092 1074 1125 1137 in
1137 1073 1268 1137 bonum.

315 1173 464 1239 Iulideles
483 1187 588 1238 autem
615 1186 646 1239 et
668 1175 830 1260 reprobos,
844 1187 900 1248 aut
920 1176 1014 1240 etiam
1035 1176 1217 1240 haesitantes
1236 1175 1270 1238 in

314 1274 389 1351 lide,
405 1274 514 1339 multis
528 1275 684 1361 permittit
701 1279 789 1340 Dens
809 1275 1082 1341 ludificationibus
1097 1276 1270 1362 subjacere.

314 1376 431 1443 Omina
442 1392 547 1442 tamen
562 1378 668 1441 omnia
680 1389 805 1442 tantum
822 1391 966 1461 possunt,
978 1391 1135 1464 quantum
1151 1377 1272 1463 excipi·

316 1480 398 1541 entis
412 1476 491 1540 fides
506 1476 673 1562 permittit.
711 1478 808 1540 Unde
823 1490 855 1541 et
870 1477 981 1541 Julius
993 1480 1101 1543 Caesar
1116 1477 1206 1541 nullo
1216 1501 1271 1543 au·

316 1578 421 1661 gurio,
443 1576 570 1639 nullave
600 1576 879 1661 superstitiones
908 1600 1101 1662 quocunque
1130 1578 1272 1662 incoepto

317 1678 423 1762 potuit
436 1677 612 1740 absterreri.
641 1678 785 1761 Contigit
797 1677 879 1740 enim
890 1689 927 1741 ut
938 1677 1131 1763 quandoque
1142 1679 1176 1741 in
1187 1678 1273 1743 Afri-

320 1802 388 1843 cam
401 1778 529 1861 navigio
541 1776 742 1863 proficiscens
754 1778 784 1841 in
796 1800 923 1862 egressu
936 1778 1024 1841 navis
1036 1778 1270 1865 prolaberetur:

319 1878 821 1966 versoitaqueadmeliusomine3
845 1880 957 1943 Teneo
970 1880 1136 1966 te‚inqnit,
1144 1880 1271 1945 Africa:

319 2004 452 2068 eamque
465 1981 616 2047 obtinuit.
661 1984 821 2047 Praeterea
836 1980 1035 2067 calphurnia
1057 2004 1138 2046 uxor
1152 1983 1222 2069 ejus
1236 2006 1273 2047 ea

319 2096 422 2165 nocte,
446 2106 542 2170 quam
567 2084 595 2147 is
620 2083 653 2147 in
678 2094 762 2147 terra
787 2082 932 2147 ultimam
956 2084 1066 2167 gessit,
1093 2084 1174 2149 vidit
1199 2108 1273 2149 eum

318 2186 427 2251 multis
461 2184 646 2250 vulneribus
680 2185 858 2249 confectum
895 2185 927 2248 in
964 2186 1034 2249 sinu
1067 2209 1125 2251 suo
1155 2186 1272 2272 jacere,

318 2311 498 2373 rogansque
524 2300 561 2351 ut
586 2287 639 2351 die
665 2288 809 2373 sequenti
837 2309 856 2349 a
881 2287 971 2349 curia
999 2288 1184 2366 abstineret,
1209 2310 1273 2351 non
1362 2352 1365 2356 .

319 2391 470 2470 obtinuit,
485 2412 523 2453 ne
538 2389 592 2454 ille
606 2390 638 2454 iu
655 2392 721 2454 vita
737 2412 794 2453 sua
809 2388 932 2475 aliquid
956 2389 1115 2467 timidum,
1131 2411 1273 2475 quocun-

320 2517 380 2580 que
395 2490 538 2577 auspicio
556 2492 658 2577 egisse
678 2485 850 2555 videretur.
891 2492 931 2553 In
951 2490 1076 2555 excidio
1092 2491 1274 2556 Massilien-

321 2596 415 2675 sium,
426 2594 535 2658 lucum
548 2594 604 2680 qui
616 2592 677 2657 diis
689 2605 830 2657 sacratus
841 2592 1032 2667 habebatur,
1043 2592 1166 2677 primus
1178 2614 1274 2656 ausus

321 2708 368 2760 est
384 2694 515 2769 caedere,
528 2693 666 2778 probans
682 2714 715 2755 se
730 2691 770 2754 ab
785 2692 871 2754 omni
888 2692 1115 2775 superstitione
1125 2692 1274 2753 alienum.

321 2801 441 2861 Beatus
457 2815 587 2879 quoque
608 2795 739 2856 Marcus
759 2792 998 2872 evangelizandi
1022 2815 1120 2858 causa
1135 2791 1277 2856 Alexan-

322 2897 423 2960 driam
440 2893 650 2980 proficiscens,
662 2912 762 2976 quum
778 2913 890 2954 navem
902 2915 1045 2977 egressus
1060 2893 1197 2980 rupisset
1212 2893 1275 2958 cal-

322 3020 423 3074 ceum,
439 2995 559 3082 gratias
573 3016 680 3079 agens,
690 2996 751 3058 iter
766 3016 860 3058 suum
875 2993 1061 3079 expeditum
1073 3017 1140 3060 esse
1154 3006 1278 3082 protes·

324 3114 412 3165 tatus
433 3111 492 3163 est.
530 3096 563 3159 Si
582 3097 657 3181 quis
676 3106 845 3158 revocatur
867 3093 951 3158 inter
973 3094 1128 3170 eundum,
1149 3117 1213 3159 non
1235 3094 1278 3160 ob

324 3202 395 3279 hoc,
421 3204 449 3266 si
474 3199 552 3287 quid
578 3198 611 3261 in
640 3196 766 3261 nomine
792 3197 924 3270 Domini
949 3197 1055 3261 luerat
1083 3195 1278 3275 inchoatum,

323 3303 559 3390 praetermittat,
586 3298 646 3364 nisi
676 3299 758 3364 sorte
786 3321 912 3362 omnem
941 3301 1175 3364 revocationem
1201 3298 1280 3363 omi-

324 3428 431 3469 nosam
455 3426 524 3468 esse
545 3405 630 3467 corvi
652 3401 865 3488 persuadetur
894 3399 1054 3486 exemplo,
1080 3400 1138 3487 qui
1166 3400 1279 3465 coloris

324 3507 429 3571 amisit
444 3517 655 3579 venustatem,
670 3504 747 3568 dum
763 3515 931 3566 revocatus
945 3525 964 3565 a
979 3503 1114 3580 cornice,
1127 3502 1279 3589 progredi

326 3605 439 3670 maluit
462 3627 557 3689 quam
579 3626 716 3668 manere.
755 3604 818 3668 His
839 3627 914 3667 vero
929 3625 1018 3667 mens
1039 3604 1136 3689 nugis
1150 3603 1280 3668 incauta

326 3707 501 3787 seducitur,
514 3706 568 3770 sed
586 3705 689 3769 fidelis
705 3727 906 3792 nequaquam
924 3705 1107 3791 acquiescit.

386 3983 466 4067 Cap.
481 3987 511 4045 2.
536 3977 795 4046 contemnendas
809 3997 871 4042 uon
886 3998 952 4041 esse
964 3979 1095 4042 omnino
1110 3999 1218 4043 rerum

563 4083 769 4146 naturalium
783 4082 1045 4166 alpaptcotiones.

374 4220 405 4281 N
407 4240 450 4284 ou
462 4229 579 4294 tamen,
591 4216 664 4282 licet
674 4215 780 4280 omnia
792 4239 872 4280 vana
883 4239 961 4297 esse,
972 4217 1133 4304 fidemque
1141 4218 1284 4301 auguriis

331 4341 467 4384 asseram
479 4341 541 4382 non
553 4317 744 4396 habendam,
756 4317 829 4382 ideo
843 4318 1020 4403 signorum,
1031 4342 1105 4404 quae
1117 4341 1136 4381 a
1150 4318 1283 4402 disposi-

332 4423 417 4485 tione
433 4419 540 4483 divina
555 4420 594 4484 ad
611 4418 819 4484 erudiendam
839 4433 1017 4484 creaturam
1033 4439 1179 4483 concessa
1195 4429 1283 4494 sunt,
