3575 5575
378 809 388 822 -
501 771 563 830 178
756 781 894 826 maurus
910 779 1190 825 saunsnnnrausrs
1302 759 1383 838 [mn.
1401 778 1453 822 111.

502 931 664 1020 pectoris?
695 932 855 997 Caeterum
870 909 969 1015 quum
986 932 1156 1015 multiplex
1179 930 1221 992 sit
1242 931 1354 994 vitium
1376 930 1455 994 adu-

502 1035 603 1111 landi,
624 1034 697 1097 aliis
712 1034 813 1110 rnltu,
833 1033 904 1095 aliis
919 1032 1025 1105 verbo,
1047 1031 1118 1094 aliis
1141 1049 1239 1112 opere
1253 1031 1304 1092 rel
1323 1049 1455 1092 munere

473 1165 478 1170 ·
502 1135 747 1210 assentantibus,
756 1133 979 1196 efficacissima
988 1142 1036 1196 est
1045 1131 1239 1194 adulationis
1249 1129 1343 1207 frana,
1355 1150 1456 1211 quum

500 1233 737 1300 simulationem
767 1233 958 1297 confirment
987 1253 1127 1308 munera,
1151 1242 1206 1296 aut
1232 1231 1262 1294 ei
1292 1231 1454 1295 difficilius

502 1337 690 1420 obsequium
705 1345 910 1400 contestatur.
955 1335 988 1398 si
1005 1335 1097 1398 aliter
1111 1334 1223 1413 credis,

884 1483 962 1534 quam
975 1471 1001 1518 te
1014 1471 1060 1519 tna
1071 1470 1188 1536 tempora
1198 1463 1302 1531 fallunt,

606 1555 660 1617 Qui
672 1554 740 1624 stipe
751 1551 804 1605 mel
816 1557 903 1604 sumta
915 1551 1014 1605 dulcius
1027 1568 1084 1604 esse
1096 1556 1180 1622 putas.

500 1673 651 1740 Probatio
667 1674 827 1756 siquidem
839 1695 921 1737 verae
938 1673 1117 1736 dilectionis
1129 1685 1177 1736 est
1192 1675 1251 1736 sub
1266 1673 1362 1757 hujus
1377 1683 1456 1738 teru-

500 1776 634 1860 pestatis
648 1775 863 1859 corruptione,
872 1773 1086 1858 frequentatio
1097 1773 1248 1837 muneris.
1270 1775 1330 1836 Ars
1341 1775 1455 1838 artium

501 1888 561 1955 est,
575 1878 601 1939 si
617 1877 744 1959 placere
758 1876 818 1951 vis,
832 1874 1015 1959 frequenter
1029 1873 1115 1938 dato.

745 2004 773 2056 Si
785 2004 897 2057 calidum
909 2003 959 2056 scis
971 2021 1065 2074 ponere
1078 2021 1178 2069 sumen,

606 2092 663 2145 Scis
674 2091 795 2144 comitem
806 2089 965 2144 horridulum
976 2092 1038 2143 trita
1049 2091 1146 2142 donare
1156 2089 1268 2156 lacerna,

502 2215 581 2278 alter
595 2212 775 2276 Mercurius
789 2211 850 2275 eris
866 2211 907 2285 ei,
922 2221 956 2274 et
972 2213 999 2275 si
1016 2212 1062 2274 vis
1078 2213 1224 2296 amplius,
1240 2235 1275 2278 es
1290 2215 1417 2298 Apollo,
1475 2257 1477 2263 ·

606 2323 758 2394 Phoeboque
769 2323 907 2396 pulchrior,
921 2329 948 2377 et
959 2342 1045 2378 sorore
1058 2326 1161 2380 Phoebi.

501 2440 573 2502 Nec
603 2450 653 2502 est
681 2436 769 2520 quod
798 2436 839 2499 de
866 2437 1016 2519 suffragio
1046 2437 1146 2521 ipsius
1172 2439 1333 2524 desperes,
1355 2463 1453 2526 quem

499 2540 685 2604 muneribus
713 2538 831 2622 pascis.
891 2540 1052 2603 Alimenta
1082 2541 1241 2623 siquidem
1274 2543 1453 2607 umbratilis

498 2641 619 2723 gratiam
636 2654 668 2704 et
687 2639 827 2702 nominis
849 2639 1012 2722 prostituti
1031 2644 1224 2706 munuscula
1243 2653 1327 2720 sunt,
1342 2654 1373 2706 et
1392 2645 1455 2708 uisi
1485 2703 1488 2710 .

498 2741 617 2805 fuerint
630 2740 839 2824 frequentata,
850 2739 1000 2803 amicitiae
1015 2759 1131 2805 nornen
1142 2741 1335 2808 interimunt.
1359 2743 1454 2807 Frus-

499 2855 559 2920 tra,
574 2842 614 2904 de
637 2840 776 2904 muneris
799 2839 978 2922 quantitate
999 2841 1216 2921 praesumitur,
1229 2842 1293 2906 nisi
1315 2844 1454 2907 animam

500 2941 686 3025 cupiditatis
705 2941 778 3021 igne
802 2960 1001 3017 succensam,
1018 2942 1137 3005 crebrae
1156 2944 1346 3007 visitationis
1368 2944 1457 3007 retii·

499 3040 589 3124 gerio
610 3050 780 3123 temperes,
795 3049 828 3102 et
847 3039 988 3102 avaritie
1005 3038 1119 3122 jugem
1141 3042 1274 3105 esuriem
1297 3044 1455 3127 frequenti

500 3140 732 3207 beneficiorum
755 3138 1001 3222 interpolatione
1027 3140 1219 3205 demulceas.
1267 3144 1455 3226 Aquilarum

499 3245 615 3309 dicitur
623 3264 693 3307 esse
703 3251 824 3320 natura,
836 3251 872 3303 ut
883 3262 984 3324 quum
995 3241 1193 3305 stomachum
1206 3243 1343 3326 plenion'
1357 3244 1456 3307 refec-

502 3346 590 3410 tione
604 3342 878 3425 ingurgitaverint,
893 3342 926 3404 in
944 3343 1092 3425 quintum
1107 3342 1269 3405 decimum
1285 3343 1381 3419 diem,
1394 3343 1454 3421 vel,

498 3459 535 3511 ut
550 3446 619 3509 aliis
633 3446 751 3529 placet,
761 3445 795 3505 in
808 3444 1086 3527 quadragesimum
1097 3444 1295 3528 suspendant
1306 3448 1455 3528 esuriem,

498 3550 740 3628 oblatommque
751 3546 894 3608 ciborum
912 3546 1038 3628 copiam
1055 3558 1276 3629 aspernentur,
1287 3570 1352 3613 una
1367 3562 1453 3616 satu·

498 3651 591 3715 ritate
614 3657 784 3711 contentae.
829 3647 915 3710 Sane
936 3648 1034 3728 longe
1057 3648 1120 3711 alia
1145 3649 1287 3713 conditio
1309 3650 1454 3729 divitum,

498 3753 563 3815 imo
577 3770 686 3814 eorum
702 3750 757 3833 qui
779 3750 922 3811 venalem
943 3749 1139 3832 prostituunt
1160 3752 1302 3832 gratiam.
1348 3753 1454 3833 Magis

498 3855 584 3918 enim
603 3854 806 3937 aliquatenus
827 3851 988 3915 accedunt
1005 3850 1046 3913 ad
1068 3852 1227 3927 homines,
1243 3853 1299 3934 qui
1321 3872 1452 3916 necesse

498 3955 630 4027 habent,
646 3954 721 4035 quia
735 3955 846 4017 crebro
861 3952 1016 4030 esuriunt,
1031 3955 1142 4017 crebro
1158 3954 1257 4017 refici.
1303 3955 1361 4016 Vis
1376 3976 1453 4037 pos-

499 4062 574 4114 sunt
609 4053 778 4115 collectam
822 4052 955 4115 esuriem
990 4053 1023 4115 in
1056 4052 1140 4116 diem
1173 4052 1453 4136 quadragesimum

500 4153 670 4234 protelare,
692 4152 769 4233 quin
797 4151 1005 4233 indignentur
1026 4153 1150 4229 amicis,
1171 4154 1198 4216 si
1224 4176 1289 4217 non
1313 4155 1452 4220 avaritiae

498 4254 622 4315 hiatum
645 4252 854 4336 oppleverint.
892 4254 1047 4317 Sciebant
1068 4255 1245 4340 antiquitus
1266 4257 1451 4321 Gratiarum

496 4355 680 4433 simulacra,
694 4353 827 4437 effigiari
850 4353 950 4436 nuda,
964 4377 1003 4419 eo
1021 4356 1107 4441 quod
1129 4358 1274 4422 soliditas
1294 4360 1456 4439 amicitiae,
