3575 5575
341 785 412 829 cnr.
432 768 492 846 v1.]
718 782 971 829 marcnsrrcus.
1254 762 1296 823 89

343 932 609 1013 intercinentium,
635 945 666 999 et
690 932 914 1011 occinentium,
940 932 1120 1020 praemolles
1149 928 1296 993 modula·

345 1036 447 1101 tiones
462 1034 612 1115 audieris,
628 1036 811 1099 Sirenarum
826 1047 998 1101 concentus
1016 1034 1298 1131 credasessQ

337 1110 1174 1233 Qdmu‘abems,
1179 1132 1306 1225 ouibus

344 1238 528 1325 philomena
551 1240 602 1303 vel
570 1239 904 1351 psittacusw
817 1253 874 1304 aut
900 1262 927 1326 sr
918 1239 1050 1330 guid
1052 1236 1298 1328 Spnorffljgb

377 1362 455 1405 oos
480 1364 552 1406 suos
576 1365 614 1405 ne
570 1329 739 1407 '‘”ueum
735 1363 944 1435 coaequare.
988 1346 1039 1407 Ea
1065 1339 1222 1426 siquidem
1247 1348 1297 1400 est

343 1428 536 1508 ascenddenr
561 1443 839 1531 descendendique
864 1444 1020 1519 facilitas3
1057 1466 1095 1508 ea
1124 1440 1221 1506 sectio
1247 1436 1299 1500 vel

343 1542 516 1627 geminatio
535 1544 729 1621 notularum,
752 1568 789 1608 ea
811 1544 975 1629 replicatio
996 1541 1261 1616 articulorum,
1237 1560 1300 1603 sru-

343 1643 559 1729 gulorumque
585 1644 809 1717 consolidati03
845 1649 890 1709 sic
914 1660 1008 1709 acuta
1032 1643 1079 1709 rel
1107 1641 1300 1720 acutissima,

345 1744 498 1828 gravibus
513 1757 545 1808 et
568 1746 782 1829 subgravibus
797 1758 1028 1832 temperantur,
1045 1758 1082 1809 ut
1101 1742 1232 1807 auribus
1251 1738 1299 1806 sui

340 1845 458 1931 judicii
472 1846 541 1909 iere
559 1848 768 1911 subtrahatur
783 1848 974 1913 auctoritas:
998 1860 1032 1912 et
1050 1845 1186 1920 animus,
1203 1864 1300 1929 quem

347 1959 446 2011 tantae
472 1946 640 2011 suavitatis
666 1946 816 2013 demulsit
842 1948 956 2033 gratia,
979 1947 1163 2012 auditorum
1189 1944 1306 2008 merita

344 2047 525 2111 examinare
544 2069 607 2110 non
631 2047 757 2113 sufficit.
803 2052 911 2123 Quum
928 2049 996 2113 haec
1017 2047 1150 2134 quidem
1168 2046 1300 2110 modum

345 2148 547 2230 excesserint,
562 2148 745 2215 lumborum
762 2151 972 2237 pruriginem,
988 2173 1086 2237 quam
1101 2148 1302 2212 devotionem

346 2250 472 2328 mentis,
488 2260 638 2337 poterunt
654 2252 748 2318 citius
763 2254 912 2318 excitare.
947 2254 982 2317 Si
994 2274 1069 2316 vero
1080 2249 1304 2315 moderationis

345 2352 485 2415 formula
505 2350 696 2428 limitantur,
713 2351 854 2417 animum
875 2377 894 2417 a
909 2353 994 2418 curis
1009 2352 1183 2429 redimunt,
1198 2362 1303 2414 exter·

347 2454 469 2517 minant
493 2454 717 2539 temporalium
739 2454 984 2531 solicitudinem,
1001 2467 1033 2519 et
1048 2454 1186 2539 quadam
1206 2453 1304 2538 parti·

346 2553 506 2638 cipatioue
527 2554 658 2632 laetitiae,
681 2568 713 2620 et
737 2556 860 2643 quietis,
880 2570 913 2622 et
933 2557 1034 2621 amica
1054 2555 1251 2619 exultatione
1270 2554 1303 2617 in

349 2658 467 2735 Deum,
482 2667 603 2719 mentes
626 2656 782 2721 humanas
803 2656 967 2741 trajiciunt
987 2657 1027 2719 ad
1049 2656 1230 2721 societatem
1248 2677 1304 2717 an·

250 2768 252 2775 ‘
350 2754 506 2840 gelorum.
557 2754 620 2820 Sed
653 2754 737 2819 unde
766 2758 848 2820 hanc
878 2755 1105 2820 moderationis
1132 2751 1304 2818 formulam

349 2854 460 2920 tenes?
482 2855 700 2932 Exultabunt,
713 2856 832 2942 inquit,
844 2879 946 2942 quum
956 2871 1126 2922 cantavero
1138 2856 1208 2930 tibi,
1221 2855 1307 2918 labia

349 2982 430 3024 mea.
475 2960 509 3024 Si
530 2982 607 3046 ergo
626 2983 666 3024 ex
687 2961 881 3026 abundantia
896 2961 1000 3025 cordis
1018 2985 1055 3026 os
1069 2974 1162 3026 tuum
1177 2960 1305 3024 laudem

351 3061 482 3127 Domini
499 3062 693 3146 moduletur,
709 3065 734 3128 si
756 3065 870 3151 spiritu
896 3065 1004 3150 psallis
1018 3077 1050 3129 et
1065 3077 1182 3141 mente,
1197 3063 1307 3150 psallis
1333 3051 1336 3059 ⁶

347 3165 487 3248 denique
502 3165 671 3250 sapienter,
687 3167 781 3231 etiam
800 3167 881 3232 citra
897 3167 1076 3231 articulatae
1090 3167 1177 3230 vocis
1190 3164 1307 3229 intelli-

349 3266 501 3351 gentiam,
518 3267 721 3332 rectissimam
737 3269 904 3334 modestiae
920 3269 1066 3354 regulam
1080 3282 1177 3345 tenes,
1192 3280 1225 3333 et
1242 3289 1305 3331 nou

349 3385 415 3432 tam
422 3369 519 3444 vocis,
527 3391 625 3454 quam
637 3369 863 3456 mentisjubilo
872 3392 965 3434 aures
975 3370 1095 3435 mulces
1101 3369 1264 3446 Altissimi,
1274 3381 1307 3434 et

349 3470 601 3555 indignationem
613 3473 683 3558 ejus
698 3471 874 3557 prudenter
889 3473 1017 3537 avertis.
1056 3473 1118 3549 Qui
1131 3485 1239 3536 autem
1251 3491 1308 3533 vo-

341 3571 568 3662 fflfflklt
600 3559 1311 3670 Vanitati},RQCinU-llbjul'lffl

350 3671 488 3757 gratiam
518 3674 685 3756 prostituit
714 3675 979 3760 concupiscentiis
1008 3676 1085 3753 suis,
1110 3676 1168 3760 qui
1193 3673 1309 3737 lenoci-

351 3772 478 3839 niorum
509 3773 691 3838 clientulam
721 3774 872 3839 musicam
902 3776 991 3855 facit,
1017 3777 1144 3860 ignorat
1174 3773 1307 3860 quidem

348 3873 509 3938 canticum
525 3874 666 3949 Domini,
683 3872 785 3938 modis
807 3874 994 3959 Babyloniis
1013 3873 1147 3938 festivus
1167 3873 1200 3937 in
1221 3886 1307 3937 terra

349 3972 459 4038 aliena.
501 3975 565 4052 Qui
581 3973 686 4038 nescio
701 3997 767 4061 quo
782 3987 877 4060 pacto
892 3975 966 4062 plus
981 3975 1137 4060 placeant,
1152 3975 1212 4040 uisi
1228 3974 1306 4062 quia

458 4081 575 4135 Nitimur
586 4084 614 4135 in
625 4083 734 4136 vetitum
746 4099 856 4154 semper,
867 4084 1034 4155 cupimusque
1045 4088 1152 4152 negata.

356 4181 402 4242 Et
431 4200 524 4263 aquae
552 4178 683 4243 furtivae
712 4177 882 4255 dulciores,
912 4190 945 4242 et
978 4179 1069 4264 panis
1102 4176 1309 4243 absconditus

355 4280 483 4343 suavior
509 4293 566 4345 est.
612 4282 658 4345 Et
684 4281 815 4367 quidem
843 4281 1007 4367 Phrygius
1033 4281 1156 4360 modus,
1181 4282 1310 4344 decreto
1390 4347 1396 4352 ,

352 4378 631 4464 Philosophorum,
652 4383 692 4446 ab
709 4383 781 4446 aula
803 4383 937 4447 Graeciae
955 4381 1022 4466 jam
1043 4383 1165 4468 pridem
1190 4384 1305 4444 missus
