3575 5575
1171 314 1398 459 &Q
1426 310 1482 403 ω’
1505 296 1660 413 sim,

327 756 400 807 cnr.
418 745 463 824 v.]
704 759 959 808 conterraneus.
1244 750 1285 809 85

331 911 430 977 ratrix
457 924 507 976 est
532 916 604 988 loci,
631 911 794 998 temporis,
821 910 920 990 modi,
944 928 1099 998 persona,
1121 926 1154 979 et
1179 936 1282 979 causae

330 1012 493 1099 praemissa
506 1015 672 1101 inspectio,
686 1036 761 1099 quoe
781 1014 924 1079 omnium
947 1016 1148 1100 negotiorum
1169 1014 1284 1081 faciem

331 1113 446 1181 decora
472 1128 637 1183 venustate
660 1116 873 1196 commendat,
895 1127 953 1182 aut
977 1116 1189 1203 turpitudinis
1211 1139 1285 1181 cou-

332 1215 464 1283 dcmnat
489 1218 671 1305 opprobrio.
716 1222 778 1283 Est
800 1240 877 1303 ergo
898 1216 931 1283 in
955 1219 1088 1304 singulis
1110 1219 1285 1306 plurimum

332 1319 480 1385 habenda
506 1319 589 1387 ratio
615 1342 833 1407 personarum,
859 1343 963 1407 quum
985 1334 1111 1398 natura,
1133 1320 1285 1397 conditio,

332 1420 472 1501 fortuna,
491 1422 557 1487 suis
578 1423 713 1508 singulae
734 1420 893 1487 bominem
914 1422 1051 1488 induant
1069 1423 1223 1509 personis,
1244 1445 1287 1487 ex

334 1522 453 1605 quibus
474 1524 555 1609 quid
575 1546 608 1587 se
626 1524 747 1602 deceat,
770 1524 1023 1609 uniuscujusque
1044 1524 1105 1590 crit
1126 1524 1284 1609 colligere.

335 1620 499 1689 Decorum
527 1625 686 1710 siquidem
717 1623 847 1688 aliunde
875 1646 939 1687 non
969 1625 1125 1710 provenit.
1170 1624 1286 1688 Chilon

335 1724 597 1789 Iacedaemonius
607 1726 784 1811 jungendas
806 1725 965 1791 societatis
979 1748 1075 1789 causa
1094 1726 1211 1790 missus
1228 1727 1289 1789 Co-

233 1880 238 1893 .
332 1825 487 1907 nimbum,
501 1826 599 1892 duces
613 1840 645 1892 et
666 1831 802 1894 seniores
816 1826 929 1914 populi
952 1826 1099 1891 ludentes
1113 1826 1234 1892 invenit
1253 1827 1286 1891 in

335 1927 415 1993 alea.
455 1928 580 1994 infecto
596 1928 708 2015 itaque
729 1928 857 2016 negotio
878 1950 1025 1992 reversus
1045 1940 1104 2005 est,
1128 1926 1235 1993 dicens
1257 1951 1290 1993 se

334 2028 417 2093 nolle
432 2028 565 2115 gloriam
584 2031 823 2117 Spartanorum,
840 2050 977 2115 quorum
992 2030 1095 2095 virtus
1108 2042 1290 2097 constructo

337 2128 497 2217 Byzantio
515 2130 718 2207 clarescebat,
735 2130 793 2195 bac
813 2130 976 2195 maculare
995 2130 1137 2209 infamia,
1152 2143 1190 2196 ut
1206 2129 1290 2194 dice-

333 2244 445 2297 rentur
458 2254 532 2296 cum
554 2232 747 2297 aleatoribus
761 2232 956 2297 contraxisse
976 2233 1167 2297 societatem.
1205 2232 1289 2317 Regi

333 2356 466 2421 quoque
477 2334 643 2422 Demetrio
657 2334 688 2399 in
702 2334 910 2421 opprobrium
927 2334 1058 2421 puerilis
1068 2334 1218 2410 levitatis,
1231 2334 1289 2398 tali

329 2438 423 2501 aurei
451 2458 470 2501 a
501 2458 576 2521 rege
600 2435 795 2501 Parthorum
825 2434 893 2500 dati
921 2447 1005 2499 sunt.
1051 2436 1103 2499 Eo
1129 2434 1289 2521 siquidem

333 2557 465 2603 munere
484 2536 712 2603 exhonoranda
731 2536 800 2603 visa
821 2549 869 2602 est
891 2536 1101 2603 adolescentia
1122 2536 1239 2612 senilis,
1255 2549 1287 2601 et

332 2664 407 2725 qnae
422 2640 454 2704 in
471 2640 634 2726 majestate
645 2642 736 2723 regni
750 2638 833 2702 lenia
843 2638 1040 2703 committere
1056 2637 1185 2709 minime
1199 2660 1287 2701 vere-

332 2744 440 2810 batur.
474 2740 568 2805 Nunc
580 2762 655 2803 vero
667 2738 821 2805 nobilium
833 2740 915 2804 ineo
931 2738 1085 2825 sapientia
1094 2737 1288 2819 declaratur,

335 2845 362 2909 si
378 2842 555 2917 venaticam
577 2839 734 2920 noverint,
749 2840 774 2904 si
797 2839 922 2926 iujl-ea
937 2838 1149 2920 damnabilius
1170 2840 1290 2909 fuerint

334 2942 487 3020 instituti,
511 2942 536 3007 si
559 2956 684 3008 naturae
706 2943 806 3008 robur
828 2943 1028 3008 effaeminatae
1043 2943 1129 3008 vocis
1148 2944 1291 3010 articulis

332 3045 498 3132 fregerint,
521 3042 548 3108 si
573 3042 677 3107 modis
700 3055 732 3108 et
757 3043 885 3109 musicis
906 3026 1138 3120 instrumentis,
1146 3031 1294 3110 ”uirtuti-s*

328 3125 533 3213 infirmiores
550 3144 779 3212 obliviscantur
801 3145 887 3232 quod
911 3145 978 3212 nati
1002 3158 1086 3211 sunt.
1124 3151 1288 3213 Veruma

332 3250 522 3338 parentibus
547 3249 616 3314 baec
641 3249 796 3337 pernicies
823 3259 932 3312 manat
957 3247 999 3312 ad
1028 3246 1154 3313 liberos.
1199 3247 1290 3324 Quid

331 3355 415 3418 cniru
430 3352 526 3418 faciet
542 3352 636 3434 lilius,
646 3351 706 3416 nisi
722 3350 810 3436 quod
825 3362 949 3436 patrem
969 3348 1083 3415 viderit
1097 3349 1286 3416 facientem?

438 3511 468 3564 Sl
479 3513 603 3566 damnosa
614 3528 705 3564 senem
712 3509 786 3580 juvet
799 3507 866 3588 adea,
877 3507 946 3561 ludit
958 3513 985 3560 et
996 3507 1080 3560 haeres

437 3598 568 3663 Bullatua,
580 3613 707 3670 parvoque
719 3595 812 3649 eadem
823 3600 909 3648 movet
920 3612 993 3647 mma
1003 3593 1105 3646 fritillo.

336 3749 457 3814 Fuerat
465 3742 594 3832 quidem
605 3742 739 3808 tenerior
750 3754 855 3808 aetasa
867 3739 1057 3806 libidinibus
1068 3750 1101 3803 ct
1112 3737 1288 3825 voluptate,

332 3861 464 3938 parente
490 3849 650 3921 vitiorum,
677 3843 812 3908 arcenda
838 3841 1047 3929 propensius;
1082 3850 1114 3905 ct
1141 3861 1181 3903 ne
1207 3838 1288 3926 quid

334 3951 482 4018 licentius
499 3948 562 4014 illis
581 3944 794 4032 praeaentibus
812 3967 831 4008 a
846 3941 1022 4029 majoribus
1041 3940 1141 4022 lieret,
1157 3940 1290 4027 diligen·

333 4057 400 4122 tius
413 4049 669 4140 praecavendum,
684 4048 771 4136 qnia,
786 4062 822 4114 ut
840 4046 923 4112 idem
938 4045 983 4110 ait
1001 4043 1179 4130 Satyricus,

655 4191 759 4245 Fortius
771 4195 798 4244 et
810 4190 885 4242 citius
896 4206 944 4242 nos

438 4280 612 4349 Corrumpunt
622 4277 743 4329 vitiorum
755 4273 876 4346 exempla
888 4272 1039 4336 domestica,
1052 4271 1154 4338 magnis

439 4363 532 4424 Quum
544 4362 655 4416 subeunt
667 4362 765 4414 animos
777 4359 933 4412 auctoribus.

790 4454 847 4510 οἳ
