3575 5575
345 796 415 840 one.
432 781 551 860 xxv11.]
688 798 940 848 ronrcan‘rrcus.
1237 792 1296 850 143

346 945 503 1029 abjecerat
529 947 728 1028 innocentiae,
751 951 808 1036 qui
834 951 971 1036 justitiae
1001 966 1179 1018 mutaverat
1204 953 1299 1018 indu-

349 1061 503 1122 mentum,
520 1050 662 1114 vestibus
681 1049 809 1116 honoris
824 1066 856 1117 et
870 1053 982 1138 gloriar
996 1077 1058 1118 non
1075 1054 1187 1120 debuit
1201 1056 1300 1139 insig-

346 1149 417 1214 niri.
468 1152 512 1216 Et
528 1151 607 1215 abiit
632 1153 745 1238 utique
773 1167 952 1240 postcom,
978 1156 1036 1241 qui
1062 1178 1126 1220 non
1150 1157 1240 1222 stetit
1265 1158 1299 1220 in

346 1251 490 1330 veritate,
505 1264 537 1316 et
560 1253 625 1316 duo
641 1254 700 1320 viri
722 1277 796 1320 eum
818 1279 869 1332 eo,
885 1255 1034 1342 equidem
1057 1257 1244 1322 innominati
1268 1269 1299 1321 et

346 1349 597 1430 innominabiles,
623 1354 682 1438 qui
705 1354 755 1417 vel
782 1376 888 1440 regem
919 1358 962 1421 ad
988 1370 1109 1422 tantam
1134 1357 1299 1442 perfidiam

347 1474 411 1516 non
426 1451 602 1516 reluctante
616 1452 680 1515 fide
695 1454 845 1538 prosequi
861 1466 1046 1539 potuerunt.
1088 1457 1301 1543 Duorumque

347 1569 404 1614 rex
420 1550 568 1614 decenter
583 1551 720 1636 stipatur
735 1551 900 1626 comitatu,
916 1551 991 1618 dum
1008 1576 1027 1616 a
1042 1575 1166 1617 summa
1180 1569 1212 1619 et
1228 1578 1304 1620 vera

349 1650 472 1713 unitate
492 1649 661 1714 recederet.
708 1651 936 1736 veneruntque
956 1652 996 1716 ad
1020 1652 1183 1716 mulierem
1199 1668 1302 1735 nocte,

348 1764 427 1837 apto
457 1751 570 1836 utique
600 1763 752 1836 tempore,
781 1751 821 1814 de
850 1765 951 1816 morte
977 1775 1100 1837 regum,
1125 1753 1166 1817 de
1195 1767 1302 1840 strage

349 1851 473 1938 populi,
500 1852 540 1916 de
564 1852 651 1916 luctu
675 1852 804 1938 publico
827 1875 900 1916 cum
927 1854 1128 1919 tenebrarum
1160 1856 1303 1942 principe

350 1956 528 2020 tractaturi.
575 1955 626 2018 Sic
640 1968 673 2018 et
694 1955 841 2021 Salomon
864 1969 956 2020 nocte
978 1956 1098 2020 dicitur
1116 1957 1302 2044 sapientiam

350 2057 518 2142 accepisse,
534 2057 590 2142 qui
605 2079 711 2121 amore
733 2057 903 2122 mulierum
924 2056 1057 2122 allectus
1072 2071 1104 2123 et
1118 2072 1301 2144 corruptus,

348 2181 368 2222 a
401 2158 538 2222 Domino
567 2172 635 2222 erat
672 2181 860 2224 recessurus.
918 2162 1193 2245 Petrus-quoque
1223 2161 1301 2224 dum

349 2258 451 2324 calore
477 2258 553 2322 fidei
576 2258 762 2333 destitutus,
784 2259 972 2324 calefaceret
995 2283 1027 2323 se
1052 2261 1093 2324 ad
1118 2283 1237 2346 prunas
1262 2261 1303 2326 de

350 2370 453 2438 nocte,
470 2360 578 2446 lapsus
592 2373 640 2426 est
655 2360 687 2423 in
703 2361 880 2448 perfidiam,
894 2373 926 2425 et
943 2384 1010 2424 eam
1027 2361 1157 2426 crimine
1172 2362 1304 2450 perjurii

351 2462 427 2528 lecit
441 2462 605 2548 insignem.
651 2462 715 2528 Alii
735 2462 830 2526 etiam
846 2460 994 2547 discipuli
1012 2462 1124 2526 timore
1139 2463 1303 2547 prostrati,

352 2576 494 2648 tempore
508 2575 664 2625 nocturno
675 2560 839 2644 fugeruut.
871 2563 916 2624 Et
932 2561 976 2624 ait
990 2562 1065 2626 Saul
1082 2562 1120 2624 ad
1137 2563 1302 2628 mulierem

351 2664 509 2743 (mulieres
518 2663 599 2726 enirn
611 2661 811 2748 frequentius
823 2660 1167 2770 szthomcus
1178 2664 1324 2747 impleti-

351 2743 610 2829 DTnnTffiffli'iii
626 2760 785 2846 Pythone,
801 2773 832 2823 et
854 2772 972 2824 suscita
988 2750 1323 2846 mihiquem'dixero

352 2863 419 2929 tibi.
467 2864 555 2948 Lege
576 2863 686 2938 libros,
709 2860 833 2925 revolve
856 2860 1014 2940 historias,
1034 2873 1175 2926 scrutare
1196 2885 1305 2929 omnes

351 2964 486 3049 angulos
506 2968 748 3049 scripturarum,
763 2984 920 3048 nusquam
943 2962 1010 3026 lere
1032 2963 1064 3026 in
1088 2962 1171 3027 bona
1185 2963 1305 3049 signill-

352 3066 475 3131 catione
485 3065 710 3130 divinationem
725 3064 873 3129 invenies.
905 3064 1001 3129 Unde
1012 3063 1185 3153 prophetas
1199 3088 1306 3151 repro-

352 3168 410 3233 bos
424 3168 617 3231 divinatores
633 3189 695 3231 non
711 3167 886 3253 prophetas
900 3166 1156 3253 esse,sscriptura
1169 3189 1305 3231 comme·

352 3282 466 3347 morat,
493 3270 602 3355 quales
630 3268 762 3333 fuerunt
793 3268 959 3354 propheta
990 3267 1117 3344 Achab,
1144 3267 1200 3354 qui
1230 3291 1305 3333 eum

353 3370 492 3435 Domino
507 3370 723 3456 permittente,
735 3369 940 3454 exigentibus
954 3368 1076 3433 meritis
1093 3369 1186 3434 variis
1201 3369 1308 3435 ludifi-

354 3471 532 3535 cationibus
551 3470 754 3535 seducebant.
800 3470 950 3555 Denique
971 3469 1065 3553 juxta
1087 3470 1220 3533 verbum
1242 3473 1309 3534 Do-

354 3571 431 3636 mini
454 3592 599 3656 egressus
621 3582 668 3635 est
691 3570 822 3655 spiritus
848 3569 999 3645 mendax,
1022 3582 1054 3634 et
1076 3570 1182 3634 factus
1203 3582 1251 3634 est
1273 3571 1307 3635 in

353 3695 408 3737 ore
418 3671 561 3735 omnium
573 3671 800 3756 prophetarum
818 3670 934 3733 Achab
944 3691 1111 3733 ascensuro
1121 3670 1153 3733 in
1166 3670 1307 3734 Ramoth

354 3772 490 3850 Galaad,
520 3771 561 3835 ad
597 3794 748 3857 prospera
783 3769 1049 3856 promittendum,
1078 3768 1145 3831 solo
1179 3770 1309 3835 Micbea

354 3873 525 3941 Morastite
554 3871 755 3950 reclamante,
784 3869 842 3955 qui
871 3869 1015 3934 conscius
1045 3867 1146 3931 divini
1175 3869 1310 3950 consilii,

357 3975 454 4041 lsrael
470 3997 567 4063 quem
589 3973 767 4057 dispersum
791 3971 822 4035 in
844 3970 1007 4035 montibus
1021 3969 1157 4051 viderat,
1171 3994 1311 4058 praemu.

246 4082 247 4085 ’
354 4078 447 4152 nivit,
466 4097 567 4139 caesus
588 4072 631 4137 ob
653 4084 768 4137 amatae
785 4070 929 4137 veritatis
946 4069 1106 4155 judicium
1127 4072 1168 4136 ab
1186 4096 1235 4149 eo,
1251 4074 1309 4159 qui

355 4177 503 4243 assumtis
524 4175 674 4239 cornibus
693 4172 804 4237 ferreis
827 4170 970 4237 dixerat:
1002 4172 1065 4237 His
1085 4193 1141 4237 rex
1157 4176 1309 4239 cornibus

359 4275 484 4359 Syriam
501 4274 676 4340 ventilabis.
722 4276 881 4338 Praeterea
904 4271 1061 4336 divinatio
1076 4271 1140 4335 lere
1160 4273 1226 4335 sine
1244 4296 1312 4337 mu·

357 4398 431 4439 nere
454 4397 514 4437 non
538 4374 646 4452 fiebat,
667 4386 782 4458 utpore
801 4396 874 4455 quas
890 4371 922 4433 in
942 4371 1085 4435 avaritiae
1105 4383 1135 4435 et
1157 4372 1310 4456 nequitiae
