3575 5575
495 741 556 800 150
755 751 891 796 Josnms
908 750 1184 797 sanasnnamusrs
1309 733 1390 816 [arn.
1407 755 1443 798 u.

493 906 724 989 provocarent?
762 903 879 966 Omnes
901 901 1014 986 utique
1040 915 1235 968 evanuerunt
1258 915 1332 988 post
1357 903 1444 988 prin.

493 1005 595 1091 cipem
622 1003 782 1080 vanitatis,
807 1012 840 1066 et
864 1002 941 1066 dum
968 1003 1046 1066 scire
1072 1003 1158 1089 quod
1189 1026 1253 1069 nou
1283 1003 1367 1083 licet,
1391 1003 1442 1068 vel

491 1106 583 1172 aliter
603 1128 700 1190 quam
720 1104 804 1183 licet,
824 1115 993 1190 appetunt,
1009 1104 1050 1169 ad
1069 1105 1164 1170 inane
1182 1118 1215 1170 et
1237 1104 1371 1168 nihilum
1390 1126 1441 1168 re·

490 1206 575 1273 dacti
605 1219 689 1272 sunt.
735 1207 841 1290 Reges
869 1228 946 1268 vero
976 1205 1074 1269 Israel
1104 1206 1286 1270 infidelibus
1314 1205 1441 1284 sociavi,

486 1313 565 1394 ¹quia
579 1331 680 1393 quum
703 1329 815 1392 regum
838 1306 929 1370 duda
950 1305 1002 1370 alii
1026 1307 1113 1384 boni,
1135 1307 1191 1372 alii
1210 1307 1286 1372 mali
1306 1306 1439 1382 fuerint,

488 1433 578 1494 reges
596 1408 693 1474 lsrael
708 1431 816 1471 omnes
831 1408 958 1493 reprobi
974 1408 1159 1475 extiterunt.

420 1573 421 1578 ,
593 1519 694 1586 Linque
705 1535 799 1570 arcana
810 1517 863 1568 Dai
875 1515 1020 1584 caelumque
1030 1516 1170 1585 inquirere,
1181 1517 1244 1586 quid
1254 1518 1298 1581 sit,
1341 1549 1344 1557 ·

487 1614 531 1678 ait
549 1616 641 1689 Cato,
657 1616 734 1698 quia
749 1611 837 1698 quod
854 1610 1025 1677 destinavit
1041 1611 1080 1675 de
1097 1626 1140 1688 te,
1156 1624 1189 1676 et
1210 1613 1324 1677 statuit
1340 1612 1440 1694 Deus,

485 1715 565 1778 citra
588 1727 675 1778 tuam
705 1713 938 1778 solicitudinem
963 1725 1068 1798 potest
1093 1713 1254 1797 expedire.
1299 1715 1439 1800 Egregie

489 1815 618 1914 quidem
635 1815 786 1922 ἕως,

591 1923 705 1974 Omnem
717 1922 794 1975 crede
806 1923 875 1974 diem
887 1922 937 1976 tibi
948 1921 1075 1976 diluxisse
1087 1939 1245 1992 supremum,

572 1923 589 2088 i
593 2007 676 2060 Grata
688 2009 850 2078 superveniet
862 2024 921 2076 quae
933 2026 984 2060 non
996 2008 1143 2078 sperabitur
1154 2007 1227 2060 hora.

484 2101 611 2165 Veritas
626 2115 732 2168 autem
753 2101 812 2166 sibi
828 2102 950 2187 ubique
969 2125 1106 2168 consona
1124 2116 1184 2180 est,
1199 2126 1291 2167 neca
1305 2127 1349 2182 se,
1364 2104 1436 2171 licet

482 2226 502 2268 a
529 2201 686 2270 mendacii
716 2203 898 2269 habitaculo
927 2204 1118 2290 proferatur,
1148 2205 1342 2291 quandoque
1371 2206 1435 2269 dis·

480 2304 601 2371 cordat.
657 2304 748 2368 Sicut
779 2325 835 2366 nec
865 2302 1035 2379 munditia,
1064 2303 1142 2367 dum
1174 2305 1223 2368 sui
1252 2305 1435 2390 integritate

382 2487 384 2490 Ι
481 2406 580 2490 viget,
606 2426 871 2490 quarumcunque
903 2403 1046 2469 sordium
1076 2404 1238 2470 vicinitate
1268 2406 1432 2492 polluitur.

480 2511 557 2593 Ipsa
580 2520 713 2572 mortem
736 2505 849 2570 indicit
872 2529 934 2570 non
958 2506 1073 2583 timeri,
1096 2519 1127 2572 et
1153 2507 1194 2571 ad
1220 2531 1288 2572 eam
1315 2509 1433 2595 excipi-

478 2609 603 2687 endam,
619 2629 676 2672 nos
692 2607 776 2670 horis
791 2607 940 2673 omnibus
954 2608 1100 2692 praecipit
1115 2608 1299 2693 praeparari,
1315 2623 1352 2674 ut
1367 2634 1433 2696 quo

478 2715 583 2778 minus
604 2709 645 2774 de
669 2708 882 2774 diuturnitate
910 2709 985 2773 vitae
1010 2710 1226 2795 praesumitur,
1248 2710 1280 2775 in
1307 2711 1431 2778 cultum

476 2812 649 2877 honestatis
667 2814 823 2877 virtutum
838 2810 991 2895 gradibus
1005 2811 1132 2875 avidius
1146 2826 1304 2877 curratur.
1340 2815 1431 2882 Mors

477 2914 633 2999 siquidem
659 2912 869 2978 necessarium
893 2934 1011 2977 munus
1040 2926 1099 2991 est,
1126 2927 1250 2984 naturae
1267 2917 1337 3001 jam
1362 2939 1430 2981 cor..

476 3028 591 3099 ruptae.
638 3013 810 3097 Corruptio
829 3035 969 3098 namque
988 3014 1097 3079 mortis
1118 3015 1209 3100 origo
1231 3031 1289 3082 est.
1335 3017 1429 3081 Tolle

474 3114 721 3201 corruptionem,
734 3128 852 3179 sectare
864 3114 1081 3201 integritatem
1097 3116 1263 3185 munditiae
1279 3135 1311 3183 et
1328 3118 1429 3181 virtu-

474 3216 526 3292 tis,
537 3216 605 3300 jam
615 3216 864 3282 immortalitatis
879 3217 963 3281 viam
979 3217 1138 3301 ingressus
1150 3240 1183 3281 es
1192 3244 1201 3297 ς
1224 3231 1256 3282 et
1266 3218 1427 3304 quandam

472 3316 648 3391 divinitatis
671 3329 734 3382 tuae
755 3341 857 3382 arcam
878 3318 1127 3405 apprehendisti.
1173 3319 1426 3405 Apprehendisti

471 3418 601 3504 inquam
624 3442 663 3483 an
688 3420 858 3506 accepisti?
889 3422 964 3502 Sed,
987 3434 1024 3487 ut
1045 3421 1172 3487 fidelius
1193 3422 1372 3508 loquamur,
1394 3433 1427 3492 et

471 3518 620 3603 accepisti
647 3532 678 3585 et
704 3519 953 3604 apprehendisti.
999 3526 1074 3587 Non
1100 3535 1148 3587 est
1174 3523 1257 3587 enim
1282 3522 1428 3601 volentis,

469 3641 573 3705 neque
589 3619 754 3697 currentis,
768 3619 822 3684 sed
836 3619 1096 3685 miserentisDei.
1131 3623 1211 3698 Quis
1226 3623 1284 3689 scit
1295 3622 1426 3708 quando

466 3720 581 3797 veniet,
599 3744 679 3798 sero,
695 3743 734 3787 an
750 3720 854 3785 media
868 3731 972 3801 nocte,
986 3743 1027 3786 an
1041 3724 1238 3804 gallicantu,
1253 3745 1292 3785 an
1308 3726 1420 3792 mane?

470 3820 518 3885 Ut
541 3822 635 3897 enim,
656 3826 700 3886 ait
718 3822 783 3902 ille,
799 3821 890 3885 Nihil
911 3833 1012 3886 morte
1030 3821 1149 3886 certius
1167 3834 1226 3901 est,
1246 3820 1325 3884 nihil
1344 3821 1423 3885 hora

467 3918 626 3985 incertius.
665 3923 745 3998 Quae
761 3921 870 4005 utique
886 3943 948 3983 non
965 3920 1107 3983 timenda
1121 3933 1169 3984 est
1184 3920 1275 4005 quasi
1290 3918 1421 3997 malum,

412 4020 423 4106 l
467 4019 522 4085 sed
544 4022 633 4105 quasi
644 4021 797 4085 malorum
813 4022 896 4099 finis,
911 4044 1012 4107 quum
1028 4022 1160 4096 venerit,
1176 4032 1340 4105 gratanter
1354 4041 1421 4083 am·

465 4121 641 4208 plectenda.
686 4122 797 4185 Unum
821 4136 867 4188 est
889 4123 977 4207 quod
997 4123 1074 4187 totis
1089 4125 1205 4187 mentis
1226 4132 1259 4186 et
1278 4120 1419 4207 corporis

462 4223 585 4289 viribus
599 4221 787 4307 fugiendum
804 4235 861 4289 est.
907 4224 992 4301 Quid
1009 4223 1090 4287 illud
1107 4223 1147 4287 sit
1165 4222 1306 4307 quaeris?
1331 4224 1419 4286 Tur-

459 4322 587 4412 pitudo,
598 4336 630 4389 et
648 4323 746 4399 totius
758 4328 877 4409 species
888 4326 1057 4391 inhonesti.
1096 4326 1177 4396 Hoec
1188 4324 1272 4391 enim
1283 4324 1417 4405 faciunt,
