3575 5575
378 777 451 826 aaa.
466 766 579 845 xxnn]
749 784 1006 832 aonronamcos.
1269 776 1333 836 125

378 951 584 1014 personarum
594 947 790 1020 potentatus,
803 935 857 998 sed
870 959 977 1000 rerum
986 937 1128 1002 omnium
1141 962 1216 1024 quae
1227 939 1331 1003 'videri

379 1031 429 1096 vel
444 1035 577 1118 cogitari
598 1050 742 1121 possunt,
766 1047 907 1122 potestas
928 1049 987 1101 est.
1033 1039 1120 1102 Hinc
1141 1039 1222 1102 illud
1243 1039 1331 1103 Salo-

377 1132 498 1197 monis:
525 1137 637 1200 Omnis
651 1150 794 1223 potestas
808 1161 828 1201 a
843 1137 983 1202 Domino
999 1142 1070 1203 Deo
1085 1154 1144 1205 est.
1168 1139 1331 1204 Adversus

377 1231 458 1298 hano
470 1235 559 1300 nulla
570 1260 620 1300 me
631 1261 772 1322 unquam
785 1240 1123 1324 contumaciaerigam,
1135 1252 1242 1304 certus
1252 1241 1330 1325 quia

376 1336 445 1418 ipsa
460 1336 525 1398 sola
540 1349 600 1412 est,
617 1361 690 1424 quae
705 1351 809 1424 potest
824 1339 961 1403 animam
976 1353 1009 1405 et
1023 1363 1140 1427 corpus
1154 1341 1281 1406 mittere
1294 1341 1328 1404 in

374 1434 562 1520 gehennam.

593 1600 673 1685 Cap.
689 1607 740 1664 23.
764 1602 900 1680 Abjaota'o
915 1603 991 1667 novi
1006 1603 1117 1666 Stoici.

418 1731 554 1794 Rnsrnr
565 1730 623 1796 tibi
633 1731 717 1796 illius
727 1732 825 1797 Stoici
838 1735 887 1797 tui
896 1732 1045 1819 quaestio,
1057 1753 1152 1818 quem
1161 1731 1194 1794 in
1205 1731 1328 1816 Apulia

370 1829 495 1895 diutius
509 1846 682 1898 morantem
700 1833 777 1909 vidi,
794 1846 830 1898 ut
846 1846 917 1919 post
933 1832 1051 1896 multas
1072 1831 1208 1916 vigilias,
1229 1834 1327 1917 longa

366 1930 502 2016 jejunia,
517 1934 642 1998 labores
655 1933 810 2019 plurimos
824 1949 857 1998 et
872 1934 1015 2005 sudores,
1036 1947 1128 1998 tauto
1141 1933 1277 1999 infelicis
1283 1928 1324 2000 'et

367 2031 494 2096 inutilis
508 2032 594 2096 exilii
609 2046 748 2118 quaestu,
764 2035 798 2098 in
822 2034 945 2098 Gallias
965 2034 1091 2118 Virgilii
1114 2057 1184 2099 ossa
1207 2035 1324 2119 potius,

369 2155 467 2218 quam
483 2156 607 2199 sensum
623 2147 811 2220 reportaret.
857 2135 1030 2213 Quaerebat
1040 2136 1124 2199 enim
1136 2135 1324 2199 Ludovicus

369 2235 434 2312 ille,
449 2258 489 2300 an
504 2259 612 2322 posses
626 2237 747 2323 aliquid
764 2237 867 2302 lacere
883 2261 1005 2312 eorum,
1026 2261 1101 2324 quae
1115 2236 1243 2303 minime
1258 2236 1323 2302 sac·

367 2350 460 2402 turus
480 2361 523 2403 es.
569 2338 664 2416 Quod
687 2362 787 2424 quum
810 2339 1001 2420 admisisses,
1023 2338 1108 2403 mille
1128 2339 1187 2403 tibi
1210 2361 1323 2402 aureos

362 2439 529 2516 offerebat,
540 2440 618 2505 dum
633 2440 714 2506 illud
727 2440 889 2524 efficeres..
909 2445 998 2515 Quos
1013 2441 1041 2505 si
1052 2440 1136 2506 forte
1145 2462 1321 2526 respueres,

366 2563 419 2604 eos
439 2541 498 2606 tibi
522 2541 720 2626 quantalibet
743 2565 866 2607 summa
889 2540 1095 2624 multiplicari
1112 2541 1260 2625 jubebat,
1284 2553 1321 2604 ut

361 2641 453 2726 quod
468 2641 581 2705 leviter
596 2642 664 2705 fieri
680 2654 783 2728 potest
807 2641 932 2704 efficias.
976 2640 1119 2704 Tandem
1141 2639 1321 2726 impudenti

363 2753 396 2805 et
426 2741 589 2827 impudico
611 2741 794 2810 solvebatur
816 2740 981 2819 cachinno,
1002 2743 1065 2804 vim
1089 2739 1320 2825 conjunctionis

364 2843 582 2927 oppositorum
607 2866 669 2907 non
699 2843 878 2927 intelligens
907 2855 964 2906 aut
989 2854 1207 2920 contemnens,
1230 2854 1263 2905 et
1287 2855 1319 2928 te

363 2941 534 3007 ridiculum
551 2942 770 3007 assistentibus
793 2943 897 3026 digito
919 2940 1118 3018 ostendebat,
1140 2940 1197 3025 qui
1217 2940 1319 3025 gratis

267 3058 279 3075 ·
359 3056 485 3108 tantam
515 3044 682 3129 pecuniam
707 3042 959 3127 contempsisses.
1006 3038 1162 3126 Congeris
1183 3040 1216 3104 iu
1231 3041 1317 3104 hunc

361 3145 491 3209 modum
505 3144 753 3230 quamplurima.
776 3149 807 3209 N
810 3167 850 3208 on
863 3154 969 3207 tamen
979 3142 1030 3207 his
1040 3141 1177 3207 stimulis
1190 3164 1317 3227 urgeor,
1353 3134 1356 3139 ’

360 3255 397 3309 ut
419 3246 525 3309 omnia
539 3246 713 3309 necessaria
734 3244 860 3309 credam
884 3243 962 3329 quia
984 3242 1140 3317 sciuntur,
1163 3254 1220 3306 aut
1235 3241 1316 3311 nihil

359 3345 612 3430 contingentium
629 3346 712 3426 sciri,
727 3346 805 3431 quia
816 3346 991 3409 necessaria
1004 3365 1068 3407 uon
1084 3353 1170 3407 sunt.
1216 3341 1314 3405 Plane

358 3447 478 3511 sciolus
505 3447 675 3534 paululum
704 3447 784 3511 mihi
813 3469 885 3510 cnm
915 3444 1131 3531 peripateticis
1160 3465 1229 3528 prae
1257 3442 1314 3507 illo
1341 3454 1353 3465 “

359 3547 480 3623 videor,
510 3552 567 3632 qui
599 3548 696 3633 hujus
726 3545 924 3610 difficultatis
954 3542 1103 3629 angustia
1135 3542 1168 3606 in
1198 3542 1313 3613 Atticis

358 3648 507 3713 noctibus
521 3648 682 3711 consessus
697 3662 757 3725 est,
772 3670 804 3711 se
820 3646 939 3711 nescire
953 3668 986 3710 se
1001 3667 1062 3708 non
1078 3667 1145 3709 esse
1160 3643 1311 3710 cicadam.

357 3820 436 3904 Cap.
454 3826 505 3883 24.
534 3818 630 3885 Quod
643 3818 862 3890 rnotkemotica'
881 3779 1046 3879 temerarii
1068 3820 1159 3893 aunt,
1179 3812 1255 3877 indi
1279 3835 1309 3876 a·

397 3923 636 4005 rentarfutnrn
644 3920 771 4000 judicio
786 3939 845 3982 auo
859 3918 1012 3998 subjicere
1022 3921 1260 4001 presumentes.

398 4054 475 4118 Itur
490 4076 633 4140 quoque,
645 4052 719 4116 licet
731 4051 956 4119 dissentiamus
966 4050 998 4113 in
1014 4048 1172 4135 plurimis,
1183 4072 1308 4117 mecum
1368 4036 1372 4041 ⁸

353 4153 506 4232 fatentur,
536 4177 568 4217 se
591 4155 697 4219 omnia
719 4176 782 4218 non
812 4152 943 4229 nescire,
969 4173 1043 4215 cum
1073 4149 1194 4236 quibus
1223 4163 1309 4233 astra

352 4253 543 4337 loquuntur,
565 4268 597 4320 et
620 4259 676 4342 qui
698 4256 791 4341 quasi
814 4255 855 4319 de
877 4258 948 4341 ipso
969 4252 1145 4317 coelestium
1169 4252 1240 4316 sinu
1254 4274 1309 4315 ex·

350 4353 485 4429 trahunt
496 4355 672 4420 veritatem.
717 4356 780 4433 Qui
793 4378 868 4419 vero
879 4376 988 4417 eorum
1001 4351 1220 4417 modestissimi
1232 4363 1307 4438 sunt
