<?xml version="1.0" encoding="UTF-8"?>
<!DOCTYPE html PUBLIC "-//W3C//DTD XHTML 1.0 Transitional//EN"
    "http://www.w3.org/TR/xhtml1/DTD/xhtml1-transitional.dtd">
<html xmlns="http://www.w3.org/1999/xhtml" xml:lang="en" lang="en">
 <head>
  <title>
</title>
<meta http-equiv="Content-Type" content="text/html;charset=utf-8" />
  <meta name='ocr-system' content='tesseract 3.04.00' />
  <meta name='ocr-capabilities' content='ocr_page ocr_carea ocr_par ocr_line ocrx_word'/>
</head>
<body>
  <div class='ocr_page' id='page_1' title='image "./joannissaresber12johngoog_0225.png"; bbox 0 0 3575 5575; ppageno 0'>
   <div class='ocr_carea' id='block_1_1' title="bbox 367 763 1318 842">
    <p class='ocr_par' dir='ltr' id='par_1_1' title="bbox 367 763 1318 842">
     <span class='ocr_line' id='line_1_1' title="bbox 367 763 1318 842; baseline -0.003 -17"><span class='ocrx_word' id='word_1_1' title='bbox 367 779 438 825; x_wconf 80' lang='lat' dir='ltr'>car.</span> <span class='ocrx_word' id='word_1_2' title='bbox 454 763 538 842; x_wconf 73' lang='lat' dir='ltr'>mu]</span> <span class='ocrx_word' id='word_1_3' title='bbox 713 778 969 825; x_wconf 76' lang='lat' dir='ltr'>eotrcmrrcus.</span> <span class='ocrx_word' id='word_1_4' title='bbox 1255 763 1318 822; x_wconf 71' lang='lat'>215</span> 
     </span>
    </p>
   </div>
   <div class='ocr_carea' id='block_1_2' title="bbox 356 927 1315 4465">
    <p class='ocr_par' dir='ltr' id='par_1_2' title="bbox 356 927 1315 4465">
     <span class='ocr_line' id='line_1_2' title="bbox 365 927 1313 1015; baseline -0.004 -20"><span class='ocrx_word' id='word_1_5' title='bbox 365 930 441 996; x_wconf 87' lang='lat' dir='ltr'>tiam</span> <span class='ocrx_word' id='word_1_6' title='bbox 459 931 615 995; x_wconf 89' lang='lat' dir='ltr'>minueret</span> <span class='ocrx_word' id='word_1_7' title='bbox 638 952 802 1015; x_wconf 83' lang='lat' dir='ltr'>processus</span> <span class='ocrx_word' id='word_1_8' title='bbox 821 929 936 1009; x_wconf 84' lang='lat' dir='ltr'>aetatis,</span> <span class='ocrx_word' id='word_1_9' title='bbox 950 927 1147 1014; x_wconf 89' lang='lat' dir='ltr'>respondisse</span> <span class='ocrx_word' id='word_1_10' title='bbox 1169 928 1313 992; x_wconf 87' lang='lat' dir='ltr'>dicatur:</span> 
     </span>
     <span class='ocr_line' id='line_1_3' title="bbox 366 1029 1314 1118; baseline -0.004 -23"><span class='ocrx_word' id='word_1_11' title='bbox 366 1032 559 1118; x_wconf 90' lang='lat' dir='ltr'>Hujusmodi</span> <span class='ocrx_word' id='word_1_12' title='bbox 575 1031 757 1095; x_wconf 88' lang='lat' dir='ltr'>hominibus</span> <span class='ocrx_word' id='word_1_13' title='bbox 777 1031 931 1096; x_wconf 91' lang='lat' dir='ltr'>debemus</span> <span class='ocrx_word' id='word_1_14' title='bbox 955 1031 1064 1108; x_wconf 88' lang='lat' dir='ltr'>risum,</span> <span class='ocrx_word' id='word_1_15' title='bbox 1079 1029 1170 1095; x_wconf 90' lang='lat' dir='ltr'>nobis</span> <span class='ocrx_word' id='word_1_16' title='bbox 1193 1052 1314 1092; x_wconf 92' lang='lat' dir='ltr'>correc-</span> 
     </span>
     <span class='ocr_line' id='line_1_4' title="bbox 363 1129 1315 1219; baseline -0.004 -20"><span class='ocrx_word' id='word_1_17' title='bbox 363 1133 491 1211; x_wconf 83' lang='lat' dir='ltr'><strong>tionem,</strong></span> <span class='ocrx_word' id='word_1_18' title='bbox 513 1134 567 1198; x_wconf 92' lang='lat' dir='ltr'>sed</span> <span class='ocrx_word' id='word_1_19' title='bbox 590 1156 716 1219; x_wconf 87' lang='lat' dir='ltr'>poenam</span> <span class='ocrx_word' id='word_1_20' title='bbox 744 1133 928 1197; x_wconf 84' lang='lat' dir='ltr'>criminosis.</span> <span class='ocrx_word' id='word_1_21' title='bbox 974 1133 1056 1197; x_wconf 90' lang='lat' dir='ltr'>Nam</span> <span class='ocrx_word' id='word_1_22' title='bbox 1082 1131 1122 1196; x_wconf 93' lang='lat' dir='ltr'>de</span> <span class='ocrx_word' id='word_1_23' title='bbox 1148 1131 1227 1196; x_wconf 87' lang='lat' dir='ltr'>Tito</span> <span class='ocrx_word' id='word_1_24' title='bbox 1249 1129 1315 1195; x_wconf 89' lang='lat' dir='ltr'>filio</span> 
     </span>
     <span class='ocr_line' id='line_1_5' title="bbox 361 1232 1314 1322; baseline 0 -24"><span class='ocrx_word' id='word_1_25' title='bbox 361 1235 432 1321; x_wconf 87' lang='lat' dir='ltr'>ejus</span> <span class='ocrx_word' id='word_1_26' title='bbox 454 1235 534 1322; x_wconf 91' lang='lat' dir='ltr'>quid</span> <span class='ocrx_word' id='word_1_27' title='bbox 550 1235 677 1300; x_wconf 87' lang='lat' dir='ltr'>dicam?</span> <span class='ocrx_word' id='word_1_28' title='bbox 708 1237 766 1321; x_wconf 93' lang='lat' dir='ltr'>qui</span> <span class='ocrx_word' id='word_1_29' title='bbox 782 1237 882 1322; x_wconf 86' lang='lat' dir='ltr'>patris</span> <span class='ocrx_word' id='word_1_30' title='bbox 898 1233 1062 1300; x_wconf 86' lang='lat' dir='ltr'>avaritiam</span> <span class='ocrx_word' id='word_1_31' title='bbox 1088 1245 1178 1298; x_wconf 87' lang='lat' dir='ltr'>tanta</span> <span class='ocrx_word' id='word_1_32' title='bbox 1199 1232 1314 1298; x_wconf 88' lang='lat' dir='ltr'>libera·</span> 
     </span>
     <span class='ocr_line' id='line_1_6' title="bbox 361 1332 1314 1422; baseline -0.002 -24"><span class='ocrx_word' id='word_1_33' title='bbox 361 1335 452 1402; x_wconf 86' lang='lat' dir='ltr'>litate</span> <span class='ocrx_word' id='word_1_34' title='bbox 466 1337 629 1422; x_wconf 88' lang='lat' dir='ltr'>purgavit,</span> <span class='ocrx_word' id='word_1_35' title='bbox 647 1353 682 1401; x_wconf 91' lang='lat' dir='ltr'>ut</span> <span class='ocrx_word' id='word_1_36' title='bbox 699 1359 787 1401; x_wconf 87' lang='lat' dir='ltr'>amor</span> <span class='ocrx_word' id='word_1_37' title='bbox 801 1350 833 1400; x_wconf 91' lang='lat' dir='ltr'>et</span> <span class='ocrx_word' id='word_1_38' title='bbox 848 1336 971 1401; x_wconf 86' lang='lat' dir='ltr'>deliciae</span> <span class='ocrx_word' id='word_1_39' title='bbox 986 1336 1118 1400; x_wconf 88' lang='lat' dir='ltr'>humani</span> <span class='ocrx_word' id='word_1_40' title='bbox 1135 1332 1258 1420; x_wconf 89' lang='lat' dir='ltr'>generis</span> <span class='ocrx_word' id='word_1_41' title='bbox 1273 1333 1314 1397; x_wconf 87' lang='lat' dir='ltr'>ab</span> 
     </span>
     <span class='ocr_line' id='line_1_7' title="bbox 362 1434 1313 1514; baseline -0.002 -14"><span class='ocrx_word' id='word_1_42' title='bbox 362 1438 510 1502; x_wconf 90' lang='lat' dir='ltr'>omnibus</span> <span class='ocrx_word' id='word_1_43' title='bbox 524 1437 694 1514; x_wconf 85' lang='lat' dir='ltr'>diceretur,</span> <span class='ocrx_word' id='word_1_44' title='bbox 710 1437 963 1502; x_wconf 80' lang='lat' dir='ltr'>constantissime</span> <span class='ocrx_word' id='word_1_45' title='bbox 981 1449 1092 1500; x_wconf 86' lang='lat' dir='ltr'>tenens</span> <span class='ocrx_word' id='word_1_46' title='bbox 1105 1437 1138 1499; x_wconf 93' lang='lat' dir='ltr'>in</span> <span class='ocrx_word' id='word_1_47' title='bbox 1160 1434 1313 1511; x_wconf 92' lang='lat' dir='ltr'>moribus,</span> 
     </span>
     <span class='ocr_line' id='line_1_8' title="bbox 362 1534 1315 1624; baseline -0.004 -23"><span class='ocrx_word' id='word_1_48' title='bbox 362 1560 512 1624; x_wconf 91' lang='lat' dir='ltr'>nequem</span> <span class='ocrx_word' id='word_1_49' title='bbox 526 1537 709 1622; x_wconf 91' lang='lat' dir='ltr'>postulandi</span> <span class='ocrx_word' id='word_1_50' title='bbox 729 1537 833 1622; x_wconf 87' lang='lat' dir='ltr'>gratia</span> <span class='ocrx_word' id='word_1_51' title='bbox 847 1537 887 1600; x_wconf 91' lang='lat' dir='ltr'>ad</span> <span class='ocrx_word' id='word_1_52' title='bbox 912 1561 943 1600; x_wconf 93' lang='lat' dir='ltr'>se</span> <span class='ocrx_word' id='word_1_53' title='bbox 967 1535 1177 1610; x_wconf 82' lang='lat' dir='ltr'>accedentem,</span> <span class='ocrx_word' id='word_1_54' title='bbox 1193 1534 1259 1598; x_wconf 92' lang='lat' dir='ltr'>sine</span> <span class='ocrx_word' id='word_1_55' title='bbox 1281 1557 1315 1597; x_wconf 90' lang='lat' dir='ltr'>re</span> 
     </span>
     <span class='ocr_line' id='line_1_9' title="bbox 363 1621 1314 1724; baseline -0.004 -22"><span class='ocrx_word' id='word_1_56' title='bbox 363 1643 417 1704; x_wconf 89' lang='lat' dir='ltr'>vel</span> <span class='ocrx_word' id='word_1_57' title='bbox 431 1661 497 1724; x_wconf 84' lang='lat' dir='ltr'>spe,</span> <span class='ocrx_word' id='word_1_58' title='bbox 512 1660 706 1724; x_wconf 92' lang='lat' dir='ltr'>quocunque</span> <span class='ocrx_word' id='word_1_59' title='bbox 721 1638 816 1701; x_wconf 92' lang='lat' dir='ltr'>modo</span> <span class='ocrx_word' id='word_1_60' title='bbox 831 1621 1017 1702; x_wconf 64' lang='lat' dir='ltr'>dimitteret</span> <span class='ocrx_word' id='word_1_61' title='bbox 1061 1636 1158 1700; x_wconf 91' lang='lat' dir='ltr'>Unde</span> <span class='ocrx_word' id='word_1_62' title='bbox 1180 1636 1314 1700; x_wconf 90' lang='lat' dir='ltr'>interro-</span> 
     </span>
     <span class='ocr_line' id='line_1_10' title="bbox 362 1737 1312 1825; baseline -0.004 -21"><span class='ocrx_word' id='word_1_63' title='bbox 362 1740 514 1824; x_wconf 89' lang='lat' dir='ltr'>gantibus</span> <span class='ocrx_word' id='word_1_64' title='bbox 539 1739 730 1815; x_wconf 87' lang='lat' dir='ltr'>domesticis,</span> <span class='ocrx_word' id='word_1_65' title='bbox 761 1762 818 1804; x_wconf 93' lang='lat' dir='ltr'>cur</span> <span class='ocrx_word' id='word_1_66' title='bbox 848 1739 943 1825; x_wconf 91' lang='lat' dir='ltr'>plura</span> <span class='ocrx_word' id='word_1_67' title='bbox 973 1737 1185 1825; x_wconf 83' lang='lat' dir='ltr'>polliceretur,</span> <span class='ocrx_word' id='word_1_68' title='bbox 1215 1760 1312 1824; x_wconf 89' lang='lat' dir='ltr'>quam</span> 
     </span>
     <span class='ocr_line' id='line_1_11' title="bbox 363 1841 1314 1927; baseline -0.003 -22"><span class='ocrx_word' id='word_1_69' title='bbox 363 1853 515 1927; x_wconf 87' lang='lat' dir='ltr'>praestare</span> <span class='ocrx_word' id='word_1_70' title='bbox 536 1852 652 1927; x_wconf 86' lang='lat' dir='ltr'>posset,</span> <span class='ocrx_word' id='word_1_71' title='bbox 672 1841 853 1926; x_wconf 89' lang='lat' dir='ltr'>respondit:</span> <span class='ocrx_word' id='word_1_72' title='bbox 884 1863 948 1904; x_wconf 93' lang='lat' dir='ltr'>non</span> <span class='ocrx_word' id='word_1_73' title='bbox 971 1853 1097 1926; x_wconf 86' lang='lat' dir='ltr'>oportet</span> <span class='ocrx_word' id='word_1_74' title='bbox 1121 1861 1314 1925; x_wconf 89' lang='lat' dir='ltr'>quemquam</span> 
     </span>
     <span class='ocr_line' id='line_1_12' title="bbox 362 1940 1314 2026; baseline -0.001 -22"><span class='ocrx_word' id='word_1_75' title='bbox 362 1963 382 2004; x_wconf 90' lang='lat' dir='ltr'>a</span> <span class='ocrx_word' id='word_1_76' title='bbox 396 1964 538 2005; x_wconf 89' lang='lat' dir='ltr'>sermone</span> <span class='ocrx_word' id='word_1_77' title='bbox 553 1941 706 2026; x_wconf 88' lang='lat' dir='ltr'>principis</span> <span class='ocrx_word' id='word_1_78' title='bbox 722 1944 843 2007; x_wconf 89' lang='lat' dir='ltr'>tristem</span> <span class='ocrx_word' id='word_1_79' title='bbox 859 1941 1030 2005; x_wconf 88' lang='lat' dir='ltr'>discedere.</span> <span class='ocrx_word' id='word_1_80' title='bbox 1077 1940 1168 2004; x_wconf 89' lang='lat' dir='ltr'>Idem</span> <span class='ocrx_word' id='word_1_81' title='bbox 1185 1961 1314 2026; x_wconf 90' lang='lat' dir='ltr'>quoque</span> 
     </span>
     <span class='ocr_line' id='line_1_13' title="bbox 359 2041 1312 2128; baseline -0.001 -24"><span class='ocrx_word' id='word_1_82' title='bbox 359 2042 547 2107; x_wconf 85' lang='lat' dir='ltr'>recordatus</span> <span class='ocrx_word' id='word_1_83' title='bbox 562 2064 657 2126; x_wconf 90' lang='lat' dir='ltr'>super</span> <span class='ocrx_word' id='word_1_84' title='bbox 673 2063 806 2118; x_wconf 89' lang='lat' dir='ltr'>coenam,</span> <span class='ocrx_word' id='word_1_85' title='bbox 819 2042 908 2128; x_wconf 92' lang='lat' dir='ltr'>quod</span> <span class='ocrx_word' id='word_1_86' title='bbox 923 2042 1001 2105; x_wconf 90' lang='lat' dir='ltr'>nihil</span> <span class='ocrx_word' id='word_1_87' title='bbox 1013 2055 1081 2106; x_wconf 88' lang='lat' dir='ltr'>tota</span> <span class='ocrx_word' id='word_1_88' title='bbox 1095 2041 1147 2104; x_wconf 94' lang='lat' dir='ltr'>die</span> <span class='ocrx_word' id='word_1_89' title='bbox 1162 2041 1312 2126; x_wconf 88' lang='lat' dir='ltr'>cuiquam</span> 
     </span>
     <span class='ocr_line' id='line_1_14' title="bbox 361 2141 1313 2227; baseline 0.002 -23"><span class='ocrx_word' id='word_1_90' title='bbox 361 2141 572 2227; x_wconf 86' lang='lat' dir='ltr'>praestitisset,</span> <span class='ocrx_word' id='word_1_91' title='bbox 586 2142 696 2205; x_wconf 89' lang='lat' dir='ltr'>dolens</span> <span class='ocrx_word' id='word_1_92' title='bbox 717 2156 749 2206; x_wconf 90' lang='lat' dir='ltr'>et</span> <span class='ocrx_word' id='word_1_93' title='bbox 764 2164 893 2227; x_wconf 87' lang='lat' dir='ltr'>gemens</span> <span class='ocrx_word' id='word_1_94' title='bbox 916 2142 1017 2208; x_wconf 85' lang='lat' dir='ltr'>dixit:</span> <span class='ocrx_word' id='word_1_95' title='bbox 1050 2144 1078 2206; x_wconf 96' lang='lat' dir='ltr'>O</span> <span class='ocrx_word' id='word_1_96' title='bbox 1101 2141 1205 2219; x_wconf 86' lang='lat' dir='ltr'>amici,</span> <span class='ocrx_word' id='word_1_97' title='bbox 1227 2141 1313 2206; x_wconf 92' lang='lat' dir='ltr'>hunc</span> 
     </span>
     <span class='ocr_line' id='line_1_15' title="bbox 362 2241 1313 2329; baseline -0.001 -23"><span class='ocrx_word' id='word_1_98' title='bbox 362 2242 446 2306; x_wconf 91' lang='lat' dir='ltr'>diem</span> <span class='ocrx_word' id='word_1_99' title='bbox 469 2243 604 2329; x_wconf 91' lang='lat' dir='ltr'>perdidi.</span> <span class='ocrx_word' id='word_1_100' title='bbox 649 2247 752 2319; x_wconf 86' lang='lat' dir='ltr'>Quem</span> <span class='ocrx_word' id='word_1_101' title='bbox 768 2247 800 2308; x_wconf 95' lang='lat' dir='ltr'>in</span> <span class='ocrx_word' id='word_1_102' title='bbox 816 2244 883 2308; x_wconf 91' lang='lat' dir='ltr'>vita</span> <span class='ocrx_word' id='word_1_103' title='bbox 898 2244 1077 2318; x_wconf 85' lang='lat' dir='ltr'>offenderit,</span> <span class='ocrx_word' id='word_1_104' title='bbox 1093 2267 1113 2307; x_wconf 88' lang='lat' dir='ltr'>a</span> <span class='ocrx_word' id='word_1_105' title='bbox 1129 2241 1313 2329; x_wconf 86' lang='lat' dir='ltr'>Hierosoly·</span> 
     </span>
     <span class='ocr_line' id='line_1_16' title="bbox 360 2343 1312 2429; baseline 0 -21"><span class='ocrx_word' id='word_1_106' title='bbox 360 2367 483 2409; x_wconf 92' lang='lat' dir='ltr'>morum</span> <span class='ocrx_word' id='word_1_107' title='bbox 499 2367 644 2409; x_wconf 86' lang='lat' dir='ltr'>reversus</span> <span class='ocrx_word' id='word_1_108' title='bbox 658 2346 794 2423; x_wconf 83' lang='lat' dir='ltr'>excidio,</span> <span class='ocrx_word' id='word_1_109' title='bbox 809 2343 951 2409; x_wconf 91' lang='lat' dir='ltr'>nondum</span> <span class='ocrx_word' id='word_1_110' title='bbox 967 2345 1048 2429; x_wconf 87' lang='lat' dir='ltr'>legi:</span> <span class='ocrx_word' id='word_1_111' title='bbox 1077 2357 1109 2408; x_wconf 93' lang='lat' dir='ltr'>et</span> <span class='ocrx_word' id='word_1_112' title='bbox 1123 2344 1206 2408; x_wconf 86' lang='lat' dir='ltr'>forte</span> <span class='ocrx_word' id='word_1_113' title='bbox 1221 2343 1312 2408; x_wconf 90' lang='lat' dir='ltr'>illum</span> 
     </span>
     <span class='ocr_line' id='line_1_17' title="bbox 359 2444 1312 2532; baseline 0.001 -23"><span class='ocrx_word' id='word_1_114' title='bbox 359 2446 515 2510; x_wconf 86' lang='lat' dir='ltr'>vindicem</span> <span class='ocrx_word' id='word_1_115' title='bbox 536 2446 739 2524; x_wconf 87' lang='lat' dir='ltr'>iunocentiae,</span> <span class='ocrx_word' id='word_1_116' title='bbox 762 2459 794 2511; x_wconf 95' lang='lat' dir='ltr'>et</span> <span class='ocrx_word' id='word_1_117' title='bbox 816 2445 959 2511; x_wconf 85' lang='lat' dir='ltr'>crucifixi</span> <span class='ocrx_word' id='word_1_118' title='bbox 981 2444 1199 2532; x_wconf 89' lang='lat' dir='ltr'>redemptoris,</span> <span class='ocrx_word' id='word_1_119' title='bbox 1216 2446 1312 2531; x_wconf 90' lang='lat' dir='ltr'>elegit</span> 
     </span>
     <span class='ocr_line' id='line_1_18' title="bbox 361 2547 1312 2634; baseline 0 -24"><span class='ocrx_word' id='word_1_120' title='bbox 361 2548 531 2627; x_wconf 87' lang='lat' dir='ltr'>Dominus,</span> <span class='ocrx_word' id='word_1_121' title='bbox 546 2551 603 2632; x_wconf 92' lang='lat' dir='ltr'>qui</span> <span class='ocrx_word' id='word_1_122' title='bbox 624 2548 779 2634; x_wconf 92' lang='lat' dir='ltr'>populum</span> <span class='ocrx_word' id='word_1_123' title='bbox 802 2560 997 2612; x_wconf 84' lang='lat' dir='ltr'>excaecatum</span> <span class='ocrx_word' id='word_1_124' title='bbox 1020 2547 1167 2612; x_wconf 90' lang='lat' dir='ltr'>incolumi</span> <span class='ocrx_word' id='word_1_125' title='bbox 1191 2550 1312 2612; x_wconf 88' lang='lat' dir='ltr'>consci-</span> 
     </span>
     <span class='ocr_line' id='line_1_19' title="bbox 358 2644 1311 2731; baseline -0.001 -20"><span class='ocrx_word' id='word_1_126' title='bbox 358 2647 445 2711; x_wconf 89' lang='lat' dir='ltr'>entia</span> <span class='ocrx_word' id='word_1_127' title='bbox 458 2669 521 2710; x_wconf 91' lang='lat' dir='ltr'>non</span> <span class='ocrx_word' id='word_1_128' title='bbox 536 2646 632 2710; x_wconf 91' lang='lat' dir='ltr'>modo</span> <span class='ocrx_word' id='word_1_129' title='bbox 643 2647 835 2721; x_wconf 89' lang='lat' dir='ltr'>innocenter,</span> <span class='ocrx_word' id='word_1_130' title='bbox 849 2647 905 2709; x_wconf 93' lang='lat' dir='ltr'>sed</span> <span class='ocrx_word' id='word_1_131' title='bbox 921 2659 953 2710; x_wconf 92' lang='lat' dir='ltr'>et</span> <span class='ocrx_word' id='word_1_132' title='bbox 965 2644 1109 2730; x_wconf 87' lang='lat' dir='ltr'>religiose</span> <span class='ocrx_word' id='word_1_133' title='bbox 1121 2646 1311 2731; x_wconf 90' lang='lat' dir='ltr'>deprimeret</span> 
     </span>
     <span class='ocr_line' id='line_1_20' title="bbox 361 2745 1312 2831; baseline -0.003 -19"><span class='ocrx_word' id='word_1_134' title='bbox 361 2762 393 2812; x_wconf 92' lang='lat' dir='ltr'>et</span> <span class='ocrx_word' id='word_1_135' title='bbox 415 2746 545 2814; x_wconf 73' lang='lat' dir='ltr'>deleret,</span> <span class='ocrx_word' id='word_1_136' title='bbox 590 2752 716 2815; x_wconf 88' lang='lat' dir='ltr'>Nactus</span> <span class='ocrx_word' id='word_1_137' title='bbox 736 2748 854 2812; x_wconf 89' lang='lat' dir='ltr'>etenim</span> <span class='ocrx_word' id='word_1_138' title='bbox 880 2747 1002 2826; x_wconf 88' lang='lat' dir='ltr'>horam,</span> <span class='ocrx_word' id='word_1_139' title='bbox 1024 2768 1090 2831; x_wconf 87' lang='lat' dir='ltr'>qua</span> <span class='ocrx_word' id='word_1_140' title='bbox 1114 2745 1312 2810; x_wconf 89' lang='lat' dir='ltr'>moriendum</span> 
     </span>
     <span class='ocr_line' id='line_1_21' title="bbox 361 2846 1313 2934; baseline -0.002 -21"><span class='ocrx_word' id='word_1_141' title='bbox 361 2862 440 2924; x_wconf 89' lang='lat' dir='ltr'>erat,</span> <span class='ocrx_word' id='word_1_142' title='bbox 451 2871 550 2933; x_wconf 92' lang='lat' dir='ltr'>quum</span> <span class='ocrx_word' id='word_1_143' title='bbox 561 2849 673 2915; x_wconf 89' lang='lat' dir='ltr'>lectica</span> <span class='ocrx_word' id='word_1_144' title='bbox 681 2850 861 2926; x_wconf 89' lang='lat' dir='ltr'>veheretur,</span> <span class='ocrx_word' id='word_1_145' title='bbox 871 2846 1313 2934; x_wconf 86' lang='lat' dir='ltr'>suspexissediciturcoelum,</span> 
     </span>
     <span class='ocr_line' id='line_1_22' title="bbox 361 2948 1312 3038; baseline 0.001 -25"><span class='ocrx_word' id='word_1_146' title='bbox 361 2950 566 3036; x_wconf 90' lang='lat' dir='ltr'>multumque</span> <span class='ocrx_word' id='word_1_147' title='bbox 578 2963 772 3038; x_wconf 90' lang='lat' dir='ltr'>conquestus</span> <span class='ocrx_word' id='word_1_148' title='bbox 783 2963 842 3032; x_wconf 91' lang='lat' dir='ltr'>est,</span> <span class='ocrx_word' id='word_1_149' title='bbox 852 2950 933 3036; x_wconf 90' lang='lat' dir='ltr'>eripi</span> <span class='ocrx_word' id='word_1_150' title='bbox 946 2949 1005 3013; x_wconf 92' lang='lat' dir='ltr'>sibi</span> <span class='ocrx_word' id='word_1_151' title='bbox 1017 2950 1116 3014; x_wconf 84' lang='lat' dir='ltr'>vitam</span> <span class='ocrx_word' id='word_1_152' title='bbox 1126 2948 1312 3015; x_wconf 86' lang='lat' dir='ltr'>immerenti.</span> 
     </span>
     <span class='ocr_line' id='line_1_23' title="bbox 361 3051 1312 3139; baseline -0.003 -21"><span class='ocrx_word' id='word_1_153' title='bbox 361 3056 476 3139; x_wconf 86' lang='lat' dir='ltr'>Neque</span> <span class='ocrx_word' id='word_1_154' title='bbox 498 3052 581 3117; x_wconf 90' lang='lat' dir='ltr'>euim</span> <span class='ocrx_word' id='word_1_155' title='bbox 608 3066 717 3118; x_wconf 80' lang='lat' dir='ltr'>extare</span> <span class='ocrx_word' id='word_1_156' title='bbox 743 3053 844 3119; x_wconf 92' lang='lat' dir='ltr'>ullum</span> <span class='ocrx_word' id='word_1_157' title='bbox 868 3052 989 3117; x_wconf 79' lang='lat' dir='ltr'>factum</span> <span class='ocrx_word' id='word_1_158' title='bbox 1013 3074 1116 3131; x_wconf 90' lang='lat' dir='ltr'>suum,</span> <span class='ocrx_word' id='word_1_159' title='bbox 1140 3054 1228 3137; x_wconf 93' lang='lat' dir='ltr'>quod</span> <span class='ocrx_word' id='word_1_160' title='bbox 1251 3051 1312 3116; x_wconf 91' lang='lat' dir='ltr'>sibi</span> 
     </span>
     <span class='ocr_line' id='line_1_24' title="bbox 357 3153 1312 3242; baseline 0 -25"><span class='ocrx_word' id='word_1_161' title='bbox 357 3153 578 3240; x_wconf 75' lang='lat' dir='ltr'>poenitendum</span> <span class='ocrx_word' id='word_1_162' title='bbox 594 3169 675 3220; x_wconf 89' lang='lat' dir='ltr'>esset</span> <span class='ocrx_word' id='word_1_163' title='bbox 696 3167 833 3242; x_wconf 84' lang='lat' dir='ltr'>excepto</span> <span class='ocrx_word' id='word_1_164' title='bbox 855 3178 918 3220; x_wconf 91' lang='lat' dir='ltr'>uuo</span> <span class='ocrx_word' id='word_1_165' title='bbox 941 3153 1107 3219; x_wconf 78' lang='lat' dir='ltr'>duntaxat.</span> <span class='ocrx_word' id='word_1_166' title='bbox 1153 3153 1194 3219; x_wconf 94' lang='lat' dir='ltr'>Id</span> <span class='ocrx_word' id='word_1_167' title='bbox 1217 3153 1312 3239; x_wconf 90' lang='lat' dir='ltr'>quale</span> 
     </span>
     <span class='ocr_line' id='line_1_25' title="bbox 357 3255 1310 3343; baseline 0 -24"><span class='ocrx_word' id='word_1_168' title='bbox 357 3255 466 3331; x_wconf 86' lang='lat' dir='ltr'>fuerit,</span> <span class='ocrx_word' id='word_1_169' title='bbox 483 3278 540 3320; x_wconf 91' lang='lat' dir='ltr'>nec</span> <span class='ocrx_word' id='word_1_170' title='bbox 554 3258 623 3342; x_wconf 89' lang='lat' dir='ltr'>ipse</span> <span class='ocrx_word' id='word_1_171' title='bbox 638 3270 716 3323; x_wconf 92' lang='lat' dir='ltr'>tunc</span> <span class='ocrx_word' id='word_1_172' title='bbox 738 3255 892 3343; x_wconf 90' lang='lat' dir='ltr'>prodidit,</span> <span class='ocrx_word' id='word_1_173' title='bbox 909 3274 1010 3343; x_wconf 89' lang='lat' dir='ltr'>neque</span> <span class='ocrx_word' id='word_1_174' title='bbox 1026 3256 1176 3342; x_wconf 89' lang='lat' dir='ltr'>cuiquam</span> <span class='ocrx_word' id='word_1_175' title='bbox 1198 3267 1310 3320; x_wconf 92' lang='lat' dir='ltr'>notum</span> 
     </span>
     <span class='ocr_line' id='line_1_26' title="bbox 356 3356 1311 3447; baseline 0.001 -26"><span class='ocrx_word' id='word_1_176' title='bbox 356 3357 431 3423; x_wconf 86' lang='lat' dir='ltr'>fuit.</span> <span class='ocrx_word' id='word_1_177' title='bbox 477 3356 564 3436; x_wconf 86' lang='lat' dir='ltr'>Quid</span> <span class='ocrx_word' id='word_1_178' title='bbox 588 3359 629 3423; x_wconf 89' lang='lat' dir='ltr'>de</span> <span class='ocrx_word' id='word_1_179' title='bbox 654 3359 807 3447; x_wconf 84' lang='lat' dir='ltr'>patientia</span> <span class='ocrx_word' id='word_1_180' title='bbox 832 3359 929 3445; x_wconf 88' lang='lat' dir='ltr'>hujus</span> <span class='ocrx_word' id='word_1_181' title='bbox 953 3359 1078 3445; x_wconf 88' lang='lat' dir='ltr'>loquar,</span> <span class='ocrx_word' id='word_1_182' title='bbox 1103 3358 1196 3445; x_wconf 87' lang='lat' dir='ltr'>cujus</span> <span class='ocrx_word' id='word_1_183' title='bbox 1222 3370 1311 3422; x_wconf 86' lang='lat' dir='ltr'>tanta</span> 
     </span>
     <span class='ocr_line' id='line_1_27' title="bbox 356 3460 1311 3548; baseline 0.002 -25"><span class='ocrx_word' id='word_1_184' title='bbox 356 3460 537 3544; x_wconf 84' lang='lat' dir='ltr'>benignitas</span> <span class='ocrx_word' id='word_1_185' title='bbox 562 3478 641 3541; x_wconf 88' lang='lat' dir='ltr'>erat,</span> <span class='ocrx_word' id='word_1_186' title='bbox 666 3476 704 3528; x_wconf 90' lang='lat' dir='ltr'>ut</span> <span class='ocrx_word' id='word_1_187' title='bbox 734 3485 792 3527; x_wconf 84' lang='lat' dir='ltr'>sua</span> <span class='ocrx_word' id='word_1_188' title='bbox 820 3462 949 3548; x_wconf 87' lang='lat' dir='ltr'>injuria,</span> <span class='ocrx_word' id='word_1_189' title='bbox 976 3462 1054 3528; x_wconf 92' lang='lat' dir='ltr'>dum</span> <span class='ocrx_word' id='word_1_190' title='bbox 1079 3485 1099 3525; x_wconf 89' lang='lat' dir='ltr'>a</span> <span class='ocrx_word' id='word_1_191' title='bbox 1127 3460 1311 3527; x_wconf 87' lang='lat' dir='ltr'>concivibus</span> 
     </span>
     <span class='ocr_line' id='line_1_28' title="bbox 357 3560 1310 3649; baseline 0.003 -26"><span class='ocrx_word' id='word_1_192' title='bbox 357 3560 541 3636; x_wconf 87' lang='lat' dir='ltr'>abstineret,</span> <span class='ocrx_word' id='word_1_193' title='bbox 571 3563 626 3625; x_wconf 85' lang='lat' dir='ltr'>vix</span> <span class='ocrx_word' id='word_1_194' title='bbox 654 3564 797 3628; x_wconf 87' lang='lat' dir='ltr'>crederet</span> <span class='ocrx_word' id='word_1_195' title='bbox 832 3586 1026 3649; x_wconf 87' lang='lat' dir='ltr'>quemquam</span> <span class='ocrx_word' id='word_1_196' title='bbox 1059 3585 1151 3649; x_wconf 89' lang='lat' dir='ltr'>posse</span> <span class='ocrx_word' id='word_1_197' title='bbox 1179 3562 1310 3626; x_wconf 80' lang='lat' dir='ltr'>moveri.</span> 
     </span>
     <span class='ocr_line' id='line_1_29' title="bbox 359 3662 1310 3746; baseline 0 -21"><span class='ocrx_word' id='word_1_198' title='bbox 359 3662 478 3726; x_wconf 84' lang='lat' dir='ltr'>Tantae</span> <span class='ocrx_word' id='word_1_199' title='bbox 493 3662 651 3746; x_wconf 90' lang='lat' dir='ltr'>siquidem</span> <span class='ocrx_word' id='word_1_200' title='bbox 666 3662 828 3728; x_wconf 89' lang='lat' dir='ltr'>civilitatis</span> <span class='ocrx_word' id='word_1_201' title='bbox 851 3677 883 3728; x_wconf 91' lang='lat' dir='ltr'>et</span> <span class='ocrx_word' id='word_1_202' title='bbox 906 3664 1115 3729; x_wconf 90' lang='lat' dir='ltr'>humanitatis</span> <span class='ocrx_word' id='word_1_203' title='bbox 1130 3664 1161 3726; x_wconf 90' lang='lat' dir='ltr'>in</span> <span class='ocrx_word' id='word_1_204' title='bbox 1176 3662 1310 3746; x_wconf 91' lang='lat' dir='ltr'>imperio</span> 
     </span>
     <span class='ocr_line' id='line_1_30' title="bbox 357 3760 1310 3850; baseline -0.004 -21"><span class='ocrx_word' id='word_1_205' title='bbox 357 3763 432 3845; x_wconf 83' lang='lat' dir='ltr'>fuir,</span> <span class='ocrx_word' id='word_1_206' title='bbox 448 3782 485 3829; x_wconf 86' lang='lat' dir='ltr'>ut</span> <span class='ocrx_word' id='word_1_207' title='bbox 499 3764 648 3828; x_wconf 90' lang='lat' dir='ltr'>omnibus</span> <span class='ocrx_word' id='word_1_208' title='bbox 670 3762 830 3850; x_wconf 88' lang='lat' dir='ltr'>prodesse,</span> <span class='ocrx_word' id='word_1_209' title='bbox 844 3765 1037 3849; x_wconf 86' lang='lat' dir='ltr'>nullumque</span> <span class='ocrx_word' id='word_1_210' title='bbox 1058 3762 1171 3849; x_wconf 91' lang='lat' dir='ltr'>punire</span> <span class='ocrx_word' id='word_1_211' title='bbox 1195 3760 1310 3825; x_wconf 84' lang='lat' dir='ltr'>studu-</span> 
     </span>
     <span class='ocr_line' id='line_1_31' title="bbox 358 3861 1309 3949; baseline -0.002 -19"><span class='ocrx_word' id='word_1_212' title='bbox 358 3865 439 3945; x_wconf 90' lang='lat' dir='ltr'>erit;</span> <span class='ocrx_word' id='word_1_213' title='bbox 463 3864 625 3929; x_wconf 89' lang='lat' dir='ltr'>convictos</span> <span class='ocrx_word' id='word_1_214' title='bbox 640 3863 867 3949; x_wconf 86' lang='lat' dir='ltr'>conjurationis</span> <span class='ocrx_word' id='word_1_215' title='bbox 881 3876 993 3926; x_wconf 87' lang='lat' dir='ltr'>eontra</span> <span class='ocrx_word' id='word_1_216' title='bbox 1005 3885 1037 3926; x_wconf 91' lang='lat' dir='ltr'>se</span> <span class='ocrx_word' id='word_1_217' title='bbox 1048 3862 1169 3926; x_wconf 90' lang='lat' dir='ltr'>dimisit</span> <span class='ocrx_word' id='word_1_218' title='bbox 1184 3861 1309 3942; x_wconf 87' lang='lat' dir='ltr'>illaesos,</span> 
     </span>
     <span class='ocr_line' id='line_1_32' title="bbox 358 3963 1309 4054; baseline -0.001 -22"><span class='ocrx_word' id='word_1_219' title='bbox 358 3968 437 4033; x_wconf 89' lang='lat' dir='ltr'>etin</span> <span class='ocrx_word' id='word_1_220' title='bbox 452 3967 616 4054; x_wconf 90' lang='lat' dir='ltr'>pristinam</span> <span class='ocrx_word' id='word_1_221' title='bbox 632 3964 881 4030; x_wconf 81' lang='lat' dir='ltr'>familiaritatem</span> <span class='ocrx_word' id='word_1_222' title='bbox 892 3963 1031 4031; x_wconf 88' lang='lat' dir='ltr'>admisit.</span> <span class='ocrx_word' id='word_1_223' title='bbox 1072 3965 1134 4030; x_wconf 86' lang='lat' dir='ltr'>Sed</span> <span class='ocrx_word' id='word_1_224' title='bbox 1150 3978 1182 4031; x_wconf 91' lang='lat' dir='ltr'>et</span> <span class='ocrx_word' id='word_1_225' title='bbox 1198 3968 1309 4031; x_wconf 90' lang='lat' dir='ltr'>Domi·</span> 
     </span>
     <span class='ocr_line' id='line_1_33' title="bbox 359 4066 1311 4155; baseline -0.001 -21"><span class='ocrx_word' id='word_1_226' title='bbox 359 4069 476 4146; x_wconf 88' lang='lat' dir='ltr'>tiauus,</span> <span class='ocrx_word' id='word_1_227' title='bbox 491 4069 548 4155; x_wconf 90' lang='lat' dir='ltr'>qui</span> <span class='ocrx_word' id='word_1_228' title='bbox 571 4068 790 4153; x_wconf 87' lang='lat' dir='ltr'>gravissimam</span> <span class='ocrx_word' id='word_1_229' title='bbox 813 4066 1058 4136; x_wconf 87' lang='lat' dir='ltr'>Theomachiam</span> <span class='ocrx_word' id='word_1_230' title='bbox 1074 4068 1214 4132; x_wconf 81' lang='lat' dir='ltr'>exercuit</span> <span class='ocrx_word' id='word_1_231' title='bbox 1239 4080 1311 4153; x_wconf 90' lang='lat' dir='ltr'>post</span> 
     </span>
     <span class='ocr_line' id='line_1_34' title="bbox 360 4169 1310 4256; baseline 0.002 -23"><span class='ocrx_word' id='word_1_232' title='bbox 360 4170 531 4248; x_wconf 90' lang='lat' dir='ltr'>Neronem,</span> <span class='ocrx_word' id='word_1_233' title='bbox 548 4170 645 4256; x_wconf 91' lang='lat' dir='ltr'>hujus</span> <span class='ocrx_word' id='word_1_234' title='bbox 664 4169 792 4235; x_wconf 87' lang='lat' dir='ltr'>virtutis</span> <span class='ocrx_word' id='word_1_235' title='bbox 815 4169 937 4255; x_wconf 87' lang='lat' dir='ltr'>aliquid</span> <span class='ocrx_word' id='word_1_236' title='bbox 962 4169 1153 4256; x_wconf 90' lang='lat' dir='ltr'>plerumque</span> <span class='ocrx_word' id='word_1_237' title='bbox 1176 4170 1310 4235; x_wconf 89' lang='lat' dir='ltr'>indulsit</span> 
     </span>
     <span class='ocr_line' id='line_1_35' title="bbox 360 4268 1310 4359; baseline 0 -24"><span class='ocrx_word' id='word_1_238' title='bbox 360 4272 494 4350; x_wconf 83' lang='lat' dir='ltr'>civibus,</span> <span class='ocrx_word' id='word_1_239' title='bbox 509 4271 582 4335; x_wconf 92' lang='lat' dir='ltr'>licet</span> <span class='ocrx_word' id='word_1_240' title='bbox 598 4273 632 4336; x_wconf 90' lang='lat' dir='ltr'>in</span> <span class='ocrx_word' id='word_1_241' title='bbox 647 4296 700 4337; x_wconf 89' lang='lat' dir='ltr'>eos</span> <span class='ocrx_word' id='word_1_242' title='bbox 714 4272 814 4359; x_wconf 89' lang='lat' dir='ltr'>gratis</span> <span class='ocrx_word' id='word_1_243' title='bbox 832 4268 1025 4357; x_wconf 86' lang='lat' dir='ltr'>quandoque</span> <span class='ocrx_word' id='word_1_244' title='bbox 1039 4272 1200 4351; x_wconf 89' lang='lat' dir='ltr'>insaniret,</span> <span class='ocrx_word' id='word_1_245' title='bbox 1216 4272 1310 4335; x_wconf 92' lang='lat' dir='ltr'>homo</span> 
     </span>
     <span class='ocr_line' id='line_1_36' title="bbox 360 4372 1311 4465; baseline 0.001 -29"><span class='ocrx_word' id='word_1_246' title='bbox 360 4372 489 4459; x_wconf 94' lang='lat' dir='ltr'>quidem</span> <span class='ocrx_word' id='word_1_247' title='bbox 507 4397 738 4465; x_wconf 88' lang='lat' dir='ltr'>usquequaque</span> <span class='ocrx_word' id='word_1_248' title='bbox 753 4374 886 4453; x_wconf 84' lang='lat' dir='ltr'>inutilis,</span> <span class='ocrx_word' id='word_1_249' title='bbox 898 4386 929 4438; x_wconf 93' lang='lat' dir='ltr'>et</span> <span class='ocrx_word' id='word_1_250' title='bbox 945 4373 1003 4459; x_wconf 92' lang='lat' dir='ltr'>qui</span> <span class='ocrx_word' id='word_1_251' title='bbox 1017 4374 1096 4439; x_wconf 91' lang='lat' dir='ltr'>nihil</span> <span class='ocrx_word' id='word_1_252' title='bbox 1111 4373 1199 4437; x_wconf 87' lang='lat' dir='ltr'>aliud</span> <span class='ocrx_word' id='word_1_253' title='bbox 1215 4374 1311 4437; x_wconf 92' lang='lat' dir='ltr'>habe-</span> 
     </span>
    </p>
   </div>
   <div class='ocr_carea' id='block_1_3' title="bbox 0 0 1792 5575">
    <p class='ocr_par' dir='ltr' id='par_1_3' title="bbox 0 0 1792 5575">
     <span class='ocr_line' id='line_1_37' title="bbox 0 0 1792 5575; baseline 0 1"><span class='ocrx_word' id='word_1_254' title='bbox 0 0 1792 5575; x_wconf 95' lang='lat' dir='ltr'> </span> 
     </span>
    </p>
   </div>
  </div>
 </body>
</html>
