3575 5575
352 820 558 898 craxatus]
701 837 957 884 eonuoanrrcus.
1245 829 1302 888 137

351 1010 468 1053 casum.
513 987 618 1053 Patris
638 1011 768 1074 quoque
792 988 961 1074 parricidoe
987 988 1177 1053 desiderium
1202 992 1303 1055 adim-

351 1087 469 1173 pletur,
492 1088 568 1152 dum
593 1089 707 1154 fratres
729 1091 831 1175 impii,
854 1091 976 1175 quibus
1001 1091 1192 1177 imprecatus
1213 1107 1303 1177 opta-

351 1203 453 1267 verat,
477 1204 512 1255 ut
538 1192 623 1255 ferro
646 1191 770 1276 generis
793 1193 951 1256 consortia
974 1193 1158 1269 dissilirent,
1181 1194 1304 1259 mutuis

351 1290 539 1355 vulneribus
555 1304 700 1378 pereunt,
717 1304 749 1356 et
764 1291 893 1356 alternis
912 1293 1028 1376 gladiis
1050 1306 1304 1379 prosternuntur.

352 1395 483 1458 Croesus
505 1394 643 1456 maxima
666 1417 773 1477 regna,
797 1393 822 1457 si
845 1393 955 1478 Halyn
975 1394 1240 1477 transgrediatur,
1264 1395 1306 1459 de

352 1495 550 1558 oraculorum
564 1495 627 1558 lide
641 1496 700 1559 sibi
713 1496 892 1580 subjectum
904 1495 944 1558 iri
956 1496 1097 1561 conlidit.
1129 1497 1190 1560 Sed
1203 1521 1303 1584 quum

352 1619 403 1660 res
432 1596 463 1660 in
493 1599 687 1661 contrarium
713 1598 852 1672 cesserit,
878 1597 977 1660 fallax
1005 1597 1126 1683 Apollo
1149 1622 1182 1661 se
1212 1601 1306 1665 unius

353 1696 478 1761 verbuli
495 1697 758 1782 aequivocatione,
773 1697 909 1762 absolvit
924 1699 965 1761 ab
981 1698 1101 1761 inuidia
1122 1701 1304 1766 mentiendi.

345 1797 438 1874 -Quid
463 1798 630 1882 Pyrrhus?
670 1797 824 1862 Romanis
847 1798 951 1875 victis,
974 1820 1058 1883 quos
1079 1823 1162 1884 saepe
1184 1800 1216 1863 in
1239 1801 1306 1864 acic

353 1899 472 1963 virtute
487 1899 627 1976 fuderat,
643 1900 795 1963 beneficio
817 1900 933 1964 Phoebi
954 1900 1015 1963 sibi
1036 1901 1192 1986 promittit
1208 1902 1307 1988 impe·

352 2001 447 2076 rium,
472 2001 526 2064 sed
549 2000 798 2088 irreparabiliter
815 2014 946 2079 stratus,
967 2001 998 2064 in
1017 2002 1155 2086 seipsum
1178 2005 1306 2069 retorsit

353 2100 491 2188 culpam,
517 2101 573 2188 qui
604 2102 875 2187 amphibologiam
901 2103 1022 2165 oraculi
1051 2104 1155 2168 minus
1186 2104 1307 2170 utiliter

345 2202 519 2272 intellexit.
558 2204 613 2268 Ad
630 2204 768 2268 notiores
784 2218 963 2292 transeatur
977 2204 1135 2269 historias.
1180 2211 1306 2293 Appius

352 2328 451 2389 quum
466 2307 560 2369 unica
575 2318 607 2369 et
623 2304 791 2388 singularis
806 2305 907 2368 civilis
922 2305 997 2370 belli
1013 2318 1184 2392 tempestas
1197 2309 1304 2372 orbem

342 2419 545 2486 concuteret,
560 2407 695 2472 docente
718 2407 842 2470 Phoebo
856 2409 888 2470 in
906 2406 975 2469 sinu
1001 2408 1146 2471 Euboico
1165 2409 1305 2494 quietem

346 2509 480 2592 quaerit,
490 2524 521 2573 et
534 2522 671 2576 mortem
686 2507 813 2573 invenit.
848 2507 1021 2572 Oraculum
1034 2509 1165 2594 quidem
1177 2523 1307 2575 auctore

353 2609 486 2674 Lucano
501 2610 623 2673 celebre
638 2619 703 2674 est:

492 2734 596 2801 Effugis
607 2735 728 2802 ingentes
740 2736 806 2786 tanti
819 2736 973 2789 discriminis
986 2754 1079 2809 expers

493 2820 635 2883 Bellorum,
649 2820 776 2884 Romane,
788 2822 880 2885 minas,
893 2820 1013 2890 solusque
1025 2823 1139 2892 quietem

493 2905 604 2957 Euboici
614 2903 705 2957 lateris
716 2906 803 2958 media
815 2905 930 2959 convalle
941 2908 1051 2961 tenebis.

355 3015 416 3077 Sed
433 3038 473 3078 ne
487 3015 635 3081 falsitatis
657 3030 733 3082 nota
755 3018 788 3080 in
810 3018 958 3082 historias
977 3042 1042 3083 non
1057 3019 1183 3084 oracula
1199 3020 1307 3084 refun-

353 3116 461 3193 datur,
491 3119 652 3195 canonica,
677 3132 709 3184 et
739 3120 791 3183 cui
820 3120 901 3185 fides
925 3120 1092 3185 incolumis
1121 3122 1304 3207 acquiescit,

352 3220 543 3284 discutiatur
573 3220 712 3285 historia.
769 3223 845 3287 Saul
871 3226 903 3286 in
932 3235 1101 3308 tyrannum
1129 3245 1237 3289 versus
1262 3246 1303 3289 ex

352 3320 614 3407 principe,qnnm
625 3322 829 3405 exigentibus
839 3323 1208 3408 culpisessetaDomino
1217 3324 1306 3388 dere-

351 3422 457 3500 lictus,
474 3437 505 3487 et
523 3424 675 3488 adversus
692 3429 846 3510 populum
864 3425 1006 3507 Domini,
1021 3449 1058 3489 eo
1073 3426 1156 3490 duce
1170 3425 1302 3490 invales-

353 3536 438 3587 ceret
463 3547 575 3588 manus
601 3526 735 3604 hostilis,
762 3525 905 3591 solicitus
929 3526 1036 3589 fractis
1061 3527 1158 3592 rebus
1181 3528 1305 3591 exitum

316 3694 323 3702 ,
353 3626 546 3711 inquirebat.
594 3627 764 3691 Consuluit
790 3651 868 3712 ergo
894 3628 1081 3707 Dominum,
1107 3643 1139 3694 et
1166 3652 1228 3692 non
1254 3652 1303 3691 re-

346 3726 482 3813 spondit
503 3731 543 3799 ei,
566 3750 668 3807 neque
690 3750 748 3814 per
768 3728 900 3803 somnia,
916 3751 1021 3814 neque
1038 3752 1096 3813 per
1115 3730 1304 3807 sacerdotes,

352 3852 457 3914 neque
476 3850 535 3914 per
552 3828 735 3914 prophetas.
782 3830 856 3891 Hoc
876 3842 981 3893 tamen
997 3830 1026 3892 ei
1041 3842 1115 3894 ante
1134 3829 1304 3894 denuncia-

352 3944 442 3996 verat
463 3930 603 4007 Samuel,
619 3930 696 4015 quia
718 3930 894 3996 Dominum
916 3930 1103 4016 poenitebat,
1118 3931 1206 4017 quod
1228 3954 1303 3996 eum

353 4034 559 4099 constituerat
579 4056 697 4118 regem,
713 4057 750 4097 eo
773 4034 861 4119 quod
885 4055 946 4096 uon
968 4032 1154 4119 impleverat
1169 4035 1303 4100 verbum

354 4136 495 4216 Domini,
506 4136 659 4200 suadente
670 4136 814 4215 avaritia,
827 4158 959 4221 parcens
971 4137 1068 4221 Agag
1083 4136 1149 4222 regi
1161 4137 1305 4224 pinguis-

355 4234 443 4309 simo,
466 4246 498 4298 et
520 4233 635 4318 opimis
659 4234 812 4320 gregibus
837 4234 944 4298 ovium
969 4246 1000 4297 et
1022 4247 1248 4309 armentorum,
1271 4250 1303 4299 et

353 4332 505 4408 vestibus,
522 4348 554 4397 et
568 4334 732 4414 arietibus,
746 4349 777 4398 et
795 4334 962 4413 universis,
977 4356 1050 4419 quae
1065 4334 1199 4420 pulchra
1214 4348 1304 4399 erant

352 4438 384 4498 in
396 4431 494 4499 oculis
505 4432 625 4518 populi.
657 4433 817 4517 Quicquid
832 4457 907 4499 vero
919 4435 981 4499 vile
990 4435 1064 4511 fuit,
1076 4449 1107 4499 et
1121 4435 1306 4521 reprobum,
