3575 5575
429 303 872 541 ollclcum
980 492 989 503 .

442 4284 466 4570 l

509 770 549 829 18
765 784 901 829 maurus
916 781 1197 828 sarasannmrvsrs
1338 766 1423 845 [1111.
1440 785 1461 828 r.

509 947 663 1001 versatur.
710 933 861 1020 Cujusvis
882 956 1006 998 ecesse
1030 934 1167 1014 videtur,
1182 942 1220 998 ut
1238 933 1279 998 ad
1303 932 1461 1021 interpre-

505 1036 656 1100 tationem
674 1034 749 1111 veri‚
766 1048 909 1100 mortuos
923 1035 1026 1101 valeat
1041 1039 1204 1101 suscitare.
1247 1038 1300 1100 Ea
1319 1057 1458 1122 namque

402 1214 404 1217 Ι
504 1135 738 1201 ludificantium
763 1134 956 1215 daemonum,
978 1150 1010 1201 et
1037 1137 1186 1202 humanm
1212 1135 1356 1221 pertidia
1374 1134 1457 1199 ‚illu-

503 1235 647 1302 dentium
664 1237 788 1303 fallacia
802 1250 860 1302 est.
904 1237 1017 1323 Q
1039 1250 1115 1302 sunt
1136 1260 1217 1323 quos
1239 1238 1372 1323 spiritus
1391 1240 1456 1323 Py·-

505 1339 653 1404 tbonicus
664 1338 775 1424 replet,
786 1352 818 1403 et
826 1339 1027 1426 frequentius
1036 1339 1070 1402 in
1086 1338 1265 1423 virginibus
1275 1352 1457 1418 exercetur,

506 1454 542 1508 ut
552 1442 653 1526 magis
661 1440 819 1513 ludificet;
844 1463 880 1504 ac
892 1440 917 1503 si
929 1440 1183 1505 immundissimo
1195 1439 1322 1526 spiritui
1333 1443 1456 1526 placeat

502 1543 669 1627 integritas
684 1545 797 1606 mentis
811 1553 866 1605 aut
879 1542 1033 1626 corporis.
1079 1540 1235 1631 Ql
1251 1553 1326 1607 sunt
1341 1540 1397 1627 qui
1414 1540 1455 1606 ad

501 1644 633 1711 affectus
655 1644 818 1708 bominum
843 1642 1069 1726 immutandos,
1091 1642 1123 1707 in
1150 1642 1287 1708 molliori
1310 1642 1453 1718 materia,

499 1767 571 1808 cera
585 1743 668 1810 sorte
691 1743 740 1808 vel
762 1743 849 1821 limo,
864 1766 973 1809 eorum
996 1765 1079 1829 quos
1102 1758 1284 1831 pervertere
1304 1744 1453 1808 nituntur

501 1845 621 1931 effigies
635 1845 832 1931 exprimunt,
847 1846 941 1931 cujus
961 1844 1117 1910 illusionis
1138 1845 1172 1909 in
1193 1844 1454 1911 Pharmaccutria

504 1946 660 2032 Virgilius
674 1946 829 2028 meminit,

606 2063 698 2116 Limus
708 2044 737 2117 ut
748 2062 790 2115 hic
801 2062 923 2130 durescit,
934 2070 962 2117 et
971 2064 1027 2117 11111
1038 2070 1068 2117 ut
1078 2083 1139 2119 cera
1149 2065 1278 2135 liquescit,

605 2147 667 2200 Uno
678 2148 819 2217 eodemque
829 2148 896 2217 igni,
907 2149 943 2201 sic
954 2155 1043 2201 nostro
1055 2150 1177 2221 Daphnis
1192 2167 1288 2202 amore.
1367 2144 1370 2151 ’

500 2252 589 2313 Naso
603 2273 733 2337 quoque
747 2250 780 2314 in
794 2252 878 2317 libro
893 2252 1086 2328 Heroidum,

608 2367 728 2421 Devovet
739 2368 871 2433 absentes,
883 2368 1090 2439 simulachroque
1102 2388 1177 2423 cerea
1187 2369 1275 2438 fingit,

622 2493 625 2499 .
639 2456 674 2506 Et
685 2454 807 2508 miserum
818 2461 912 2508 tenues
922 2456 950 2507 in
957 2455 1032 2527 jecur
1042 2461 1120 2524 urget
1131 2473 1202 2510 acus.

501 2560 629 2624 Horum
646 2582 720 2624 vero
735 2559 868 2638 malitia,
884 2561 981 2625 etiam
1001 2584 1103 2648 quum
1127 2561 1301 2647 plurimum
1326 2571 1449 2633 nocent,

497 2661 631 2727 artificio
646 2660 708 2726 levi
728 2662 925 2742 dissolvitur,
942 2663 968 2727 si
983 2663 1130 2728 videlicet
1146 2662 1202 2749 qui
1223 2661 1358 2749 suspecti
1373 2673 1449 2725 sunt

496 2764 642 2831 conventi
665 2766 706 2831 ab
728 2765 838 2854 aliquo
859 2766 978 2834 crimen
999 2791 1090 2834 suum
1114 2766 1316 2832 inficientur:
1339 2775 1397 2830 aut
1420 2761 1448 2826 si

496 2870 631 2933 confessi
645 2869 777 2944 fuerint,
792 2884 949 2954 cogantur
963 2870 1152 2935 maleficium
1169 2891 1326 2934 revocare.
1365 2866 1450 2929 Ima·

496 2967 611 3053 ginarii
633 2981 720 3044 sunt,
735 2969 791 3053 qui
805 2970 960 3053 imagines
975 2993 1054 3054 quas
1072 2971 1206 3048 faciunt,
1221 2971 1313 3058 quasi
1328 2969 1360 3032 in
1377 2990 1449 3055 pos·

493 3067 662 3131 sessionem
678 3065 921 3152 praesidentium
937 3066 1109 3152 spirituum
1126 3068 1272 3144 mittunt,
1287 3080 1323 3132 ut
1344 3066 1446 3130 abeis

492 3169 532 3235 de
547 3170 644 3234 rebus
658 3169 766 3235 dubiis
782 3168 970 3234 doceantur.
1003 3171 1075 3233 Hos
1086 3167 1269 3232 idololatras
1280 3191 1346 3233 esse
1358 3191 1447 3233 sacra

492 3273 651 3359 scriptura
670 3268 840 3350 convincit,
856 3285 888 3336 et
904 3270 1022 3338 divinae
1037 3269 1212 3356 majestatis
1229 3267 1354 3354 judicio
1373 3291 1448 3333 con·

492 3373 666 3440 damnatos.
712 3375 914 3461 Conjectores
943 3385 1017 3439 sunt
1048 3372 1104 3464 qui
1130 3371 1265 3436 artificio
1294 3369 1445 3459 quodam,

492 3475 553 3540 sibi
573 3461 955 3540 vendicani'soffiffiorum
979 3471 1284 3562 interpretationem.
1330 3471 1445 3570 (Ἀζω-

493 3577 624 3643 mantici
647 3590 733 3654 sunt,
749 3577 806 3664 qui
826 3601 846 3642 a
864 3600 1017 3643 manuum
1033 3574 1240 3663 inspectione,
1261 3595 1369 3638 rerum
1393 3594 1446 3636 va-

492 3663 666 3746 tic'inintur
694 3679 890 3745 abscondita.
946 3677 1144 3768 Sffllarios
1173 3688 1297 3757 vocant,
1326 3673 1384 3756 qui
1412 3673 1446 3737 in

491 3782 684 3869 corporibus·
700 3780 846 3866 levigatis
869 3792 901 3846 et
928 3780 1031 3862 tersis,
1057 3792 1093 3845 ut
1119 3791 1193 3844 sunt
1219 3777 1321 3842 lucidi
1345 3798 1446 3851 enses,

488 3883 604 3970 pelves,
627 3883 747 3970 cyathi,
771 3881 1039 3970 speculorumque
1066 3882 1192 3947 diversa
1217 3901 1335 3964 genera
1360 3875 1442 3942 divi·

489 3997 611 4062 nantes,
636 3985 768 4049 curiosis
791 3983 1082 4050 consultationibus
1108 3981 1318 4058 satisfaciunt,
1342 4001 1441 4064 quam

487 4099 519 4151 et
535 4086 558 4148 J
560 4084 657 4171 osepb
672 4088 857 4162 exercuisse,
869 4099 925 4150 aut
936 4086 1044 4172 potius
1059 4083 1225 4149 simulasse
1239 4079 1442 4161 describitur,

489 4208 591 4272 quum
613 4188 725 4250 fratres
747 4200 894 4271 argueret
917 4185 1107 4271 surripuisse
1129 4181 1298 4270 scyphum,
1321 4179 1353 4242 in
1376 4203 1443 4265 quo

486 4299 693 4352 consueverat
722 4286 883 4371 augurari.
929 4282 1151 4378 MAEQQ
1176 4292 1261 4358 sunt,
1286 4279 1358 4345 licet
1385 4303 1441 4367 ap·

485 4389 616 4476 pellatio
638 4389 826 4477 generaliter
849 4388 955 4454 omnia
976 4384 1217 4473 complectatur,
1240 4383 1294 4470 qui
1318 4387 1440 4470 aposi-
