3575 5575
367 770 438 817 osv.
454 754 515 833 1v.]
704 770 957 819 nonvcnrrrcus.
1275 760 1319 819 29

366 924 467 987 mavis
483 922 522 989 de
544 925 726 1009 aequissimo
741 925 814 1008 jure
833 925 1005 1005 Quiritum,
1019 946 1125 990 rerum
1139 929 1189 990 vel
1204 929 1316 991 salutis

364 1023 535 1108 utrobique
558 1023 764 1110 dispendium
779 1022 933 1091 imminet.
979 1026 1014 1091 Si
1030 1039 1215 1091 venatorum
1231 1028 1317 1111 quis·

365 1123 451 1207 piam
477 1136 672 1210 pertranseat
697 1126 778 1191 fines
808 1135 892 1202 tuos,
918 1127 959 1204 ei,
986 1147 1059 1212 quae
1089 1125 1176 1191 domi
1203 1128 1317 1202 babes,

364 1224 589 1292 incunctanter
618 1239 651 1292 et
679 1238 857 1293 reverenter
886 1248 1025 1313 expone,
1050 1227 1204 1312 quodque
1227 1228 1317 1291 domi

364 1348 430 1389 non
453 1338 512 1406 est,
527 1340 559 1394 et
579 1330 678 1393 habet
694 1330 829 1409 vicinus,
850 1329 884 1392 in
909 1349 986 1393 usus
1007 1327 1094 1392 illius
1117 1351 1199 1409 eme,
1212 1351 1255 1393 ne
1275 1351 1319 1396 ex

363 1428 464 1496 edicti
476 1430 609 1494 licentia
622 1443 678 1496 tua
692 1432 813 1495 auferat
827 1432 877 1495 vel
892 1431 1003 1511 invito,
1014 1442 1046 1495 et
1061 1430 1101 1494 de
1116 1432 1318 1502 irreverentia

364 1538 397 1593 et
422 1539 608 1615 contemptu
633 1533 757 1614 cogaris
779 1533 813 1593 in
837 1533 982 1595 centuria
1003 1541 1060 1595 aut
1082 1532 1149 1595 soro
1171 1532 1317 1616 praesidis

364 1632 415 1694 vel
429 1632 642 1715 proconsulis,
657 1640 713 1695 aut
732 1632 864 1694 fortasse
878 1632 912 1692 in
928 1631 1080 1708 concilio,
1094 1633 1181 1695 laesae
1200 1632 1317 1715 majes-

363 1732 439 1795 tatis
454 1731 585 1796 reddere
601 1733 769 1797 rationem.
812 1731 1018 1795 Protenditur
1031 1731 1149 1795 etenim
1165 1733 1316 1816 patrimo·

364 1832 452 1896 nium
469 1832 550 1912 fisci,
565 1832 641 1897 dum
657 1833 697 1897 de
712 1834 819 1897 alieno
841 1853 1035 1916 quocunque
1056 1832 1179 1897 ratione
1193 1834 1316 1898 familia

291 1976 295 1985 ·
364 1943 525 2016 sumptum
537 1932 624 1999 facit.
646 1935 766 1999 Verum
778 1954 818 1996 ne
830 1932 1007 2016 venaticam
1017 1944 1050 1997 et
1058 1934 1137 1997 alias
1148 1934 1315 1999 curialium

364 2056 476 2116 nugas,
496 2055 563 2099 nou
587 2043 655 2098 tam
674 2033 801 2120 judicio
828 2054 927 2119 quam
948 2023 1024 2099 odio
1048 2035 1140 2102 stilus
1163 2035 1315 2121 persequi

363 2135 516 2213 videatur,
532 2158 602 2201 eam
625 2135 884 2201 indifferentibus
907 2136 1198 2202 connumerandam
1219 2138 1315 2202 facile

362 2236 530 2320 libensque
546 2237 723 2315 consentio,
737 2236 801 2300 nisi
816 2236 894 2320 quia
915 2236 1123 2302 immoderato
1141 2239 1315 2323 voluptatis

363 2337 503 2417 incursu,
526 2340 646 2403 virilem
670 2339 812 2403 animum
836 2338 994 2417 concutit,
1017 2350 1051 2402 et
1073 2338 1314 2406 fundamentum

363 2439 517 2504 subvertit
539 2440 681 2505 rationis.
727 2442 803 2504 Non
829 2449 935 2503 tamen
960 2442 1003 2504 ob
1029 2441 1091 2504 boc
1115 2441 1176 2507 erit
1199 2462 1314 2525 usque-

362 2562 489 2659 queque
502 2541 684 2626 culpabilis,
692 2563 816 2631 quum
808 2552 840 2605 et
848 2563 969 2630 vinum,
978 2543 1067 2635 quod
1081 2543 1228 2634 inebriat,
1237 2545 1313 2627 sub·

361 2644 516 2707 versionis
539 2646 668 2727 culpam
690 2645 902 2727 retorqueat
894 2665 928 2705 ru
950 2644 1129 2715 bibentem,
1155 2653 1188 2707 et
1213 2664 1313 2707 senex

360 2764 446 2826 saepe
467 2763 533 2806 non
556 2753 620 2807 tam
643 2742 759 2818 aetetis,
781 2762 877 2824 quam
901 2760 960 2804 suo
975 2742 1063 2819 vitio,
1086 2761 1216 2806 sensum
1238 2763 1312 2827 pro·

359 2841 438 2903 serat
458 2841 622 2924 puerilem.
667 2842 779 2904 Potest
801 2841 899 2923 igitur
912 2841 1060 2904 venatica
1081 2862 1156 2930 esse
1173 2842 1260 2907 utilis
1279 2853 1333 2933 et

352 2941 513 3044 honesta3
543 2943 601 3006 sed
628 2924 1148 3028 ex'locfflempo-res‘odo,
1110 2965 1259 3028 persona,
1280 2956 1313 3011 et

359 3066 464 3109 causa
509 3045 653 3110 Persona
674 3066 813 3131 namque
830 3052 976 3109 venustat
991 3045 1145 3124 studium,
1161 3044 1238 3111 dum
1253 3069 1312 3111 suo

359 3146 477 3211 insistit
488 3147 594 3211 officio
611 3156 644 3211 et
658 3169 723 3210 nou
740 3147 881 3231 praeripit
892 3146 1043 3212 alienum.
1073 3149 1145 3211 Nec
1161 3159 1210 3212 est
1224 3148 1312 3233 quod

359 3270 551 3333 quemquam
573 3249 675 3331 magis
697 3249 821 3323 deceat,
844 3270 941 3334 quam
963 3248 1052 3333 quod
1072 3249 1181 3314 officio
1203 3249 1310 3335 cujus-

358 3371 419 3434 que
433 3350 536 3433 magis
552 3348 795 3415 accommodum
818 3360 875 3414 est.
920 3350 1077 3414 Praeclare
1091 3350 1251 3436 siquidem
1266 3353 1312 3418 ait

357 3448 503 3529 Ethicus,
525 3453 722 3533 singularum
744 3471 951 3536 personarum
973 3451 1092 3516 decora
1113 3451 1312 3532 describens,

357 3550 398 3617 Id
420 3571 680 3637 unumquemque
701 3552 796 3617 decet
812 3553 964 3629 maxime,
981 3553 1069 3640 quod
1086 3564 1136 3617 est
1156 3554 1310 3641 cujusque

356 3651 507 3717 maxime.
562 3652 649 3724 Quid
678 3675 754 3736 ergo
784 3654 863 3718 mihi
893 3666 925 3718 ct
960 3655 1020 3718 tibi
1048 3675 1122 3718 cum
1153 3656 1311 3720 venatoris

356 3751 575 3839 professione?
614 3753 679 3817 Sua
693 3775 832 3838 namque
852 3755 999 3836 neglecta
1015 3755 1236 3837 turpissimum
1250 3763 1311 3834 cst,

355 3877 515 3941 quemque
530 3855 704 3920 studiosius
726 3856 758 3918 iu
781 3855 887 3919 aliena
902 3855 1028 3920 versari.
1073 3854 1161 3928 Quid
1183 3855 1213 3920 ei
1236 3878 1311 3922 cum

356 3961 478 4045 privato
508 3968 541 4024 et
569 3959 729 4024 msticauo
766 3959 900 4024 fortasse
937 3956 1053 4039 studio,
1084 3958 1140 4048 qui
1168 3961 1310 4048 publicae

357 4062 554 4128 auctoritatis
575 4061 756 4145 insignibus
778 4059 900 4144 bulgetl
931 4061 1058 4125 Ducem
1080 4071 1232 4148 sequatur
1251 4084 1310 4148 po·

358 4164 463 4243 pulus,
488 4165 601 4228 doctor
626 4165 762 4230 seminet
792 4161 1006 4250 disciplinam,
1031 4162 1137 4250 judex
1165 4174 1312 4229 coerceat

359 4259 594 4349 delinquentes,
609 4267 769 4330 studiosos
789 4272 969 4330 remuneret
990 4263 1188 4350 indulgentia
1201 4272 1307 4352 potes·
