3575 5575
347 815 418 862 osv.
434 802 489 876 1r.]
693 819 948 866 eoavomrrcus.
1233 807 1296 866 268

345 966 486 1034 rationis.
530 972 581 1035 Ea
597 991 671 1034 vero
685 993 758 1055 quae
777 971 899 1034 cultum
915 967 1075 1053 religionis
1096 969 1128 1032 in
1144 967 1234 1034 uobis
1249 969 1296 1033 in-

345 1066 493 1146 stituunt,
508 1081 542 1136 et
562 1069 745 1146 informant,
761 1083 794 1136 et
816 1071 877 1139 Dei
900 1072 950 1150 (ne
970 1068 1144 1135 secuudum
1167 1069 1295 1134 Plutar-

343 1165 439 1234 chum
447 1173 588 1240 Deorum
598 1170 713 1253 dicam)
724 1170 1064 1248 ceremoniastradunt,
1072 1175 1171 1235 vicem
1181 1170 1294 1234 animae

341 1269 374 1331 in
389 1291 521 1356 corpore
535 1272 735 1358 Reipublicae
756 1270 912 1340 obtinent.
959 1271 1035 1338 Illos
1050 1294 1135 1350 vero,
1150 1273 1209 1358 qui
1223 1271 1295 1336 reli.

342 1367 446 1452 gionis
456 1372 558 1438 cultui
570 1386 724 1459 praesunt,
736 1376 828 1459 quasi
839 1375 976 1440 animam
988 1374 1130 1458 corporis
1138 1373 1294 1458 suspicere

343 1485 376 1537 et
390 1474 530 1539 venerari
550 1486 690 1559 oportet.
734 1474 915 1568 Qisugpgp
937 1473 1294 1572 saffifflgfflmistgos

344 1570 406 1636 Dei
421 1571 522 1657 ipsius
542 1574 920 1675 vicarioffiffijmbigjg
929 1578 942 1636 Ρ
967 1573 1069 1638 Porro
1089 1577 1170 1638 sicut
1190 1575 1294 1639 anima

359 1684 444 1739 otrus
481 1697 500 1737 a
542 1659 709 1761 tbbipoms
723 1657 959 1762 pri'n'ii'piitum:
983 1675 1028 1740 ita
1039 1687 1071 1743 et
1086 1674 1131 1752 hi,
1148 1698 1226 1760 quos
1240 1673 1294 1738 ills

344 1771 505 1858 religionis
519 1776 686 1861 praefectos
702 1787 803 1854 vocat,
820 1776 879 1844 toti
894 1776 1018 1861 corpori
1029 1791 1181 1861 proesuut.
1226 1778 1295 1841 Au·

343 1887 459 1958 gustus
468 1878 737 1964 Caesareousque
746 1900 906 1950 sacrorum
916 1877 1121 1964 pontificibus
1130 1878 1295 1963 subjectus

345 1975 420 2056 fuit,
434 1977 535 2044 donec
555 1992 588 2045 et
601 1979 680 2065 ipse,
700 2004 740 2045 ne
761 1981 814 2052 cui
834 1980 962 2052 omnino
984 1979 1139 2058 subesset,
1160 1977 1295 2044 Vestalis

344 2088 470 2142 creatus
491 2092 537 2143 est
560 2080 720 2159 Pontifex,
741 2093 773 2144 et
795 2079 892 2165 paulo
914 2091 989 2164 post
1010 2079 1051 2144 sd
1075 2080 1161 2142 Deos
1175 2078 1295 2145 relatus

344 2189 392 2241 est
406 2178 508 2243 vivus.
553 2180 704 2265 Princeps
713 2203 787 2245 vcro
801 2181 915 2266 capitis
929 2180 962 2243 in
978 2179 1156 2266 Republica
1170 2178 1293 2244 obtinet

343 2277 459 2360 locum,
475 2281 530 2345 uui
546 2280 711 2367 subjectus
726 2286 808 2360 Deo,
820 2283 913 2346 ethis
929 2286 987 2368 qui
996 2285 1080 2346 vices
1095 2282 1180 2346 illius
1191 2293 1294 2366 agunt

344 2378 496 2460 interris,
519 2384 722 2470 quoniamst
744 2383 776 2447 in
800 2382 940 2448 humano
962 2405 1105 2468 corpore,
1127 2382 1168 2449 ab
1190 2385 1296 2448 anima

345 2493 513 2564 vegetatur
540 2496 693 2568 caputet
719 2483 851 2568 regitur.
897 2482 1013 2550 cordis
1035 2481 1138 2546 locum
1168 2495 1295 2549 senatus

344 2580 480 2658 obtinet,
495 2583 892 2666 aquobouurumoperum
909 2582 1106 2648 etmalorum
1118 2583 1295 2667 procedunt

345 2680 446 2744 initia.
469 2681 657 2756 Oculorum,
669 2681 808 2760 surium,
817 2695 848 2746 et
861 2682 981 2766 linguae
991 2681 1105 2758 officia,
1117 2681 1177 2744 sibi
1186 2681 1295 2746 vendi·

345 2795 421 2847 cant
437 2781 566 2868 judices
586 2798 619 2847 et
640 2781 792 2868 praesides
813 2783 1059 2869 provinciarum.
1084 2781 1242 2847 officiales
1263 2797 1295 2847 ct

344 2882 462 2947 milltes
486 2883 634 2949 manibus
656 2896 858 2970 coaptantur.
904 2885 968 2962 Qui
991 2906 1114 2970 semper
1135 2884 1295 2954 adsistunt

345 2983 494 3070 principi,
513 2982 666 3052 lateribus
684 2982 907 3050 assimilantur.
953 2986 1135 3062 Quaestores
1158 2998 1189 3049 et
1212 3008 1296 3049 com-

345 3084 579 3171 mentarienses,
601 3108 663 3149 non
684 3085 755 3150 illos
769 3085 841 3149 dieo
861 3089 918 3171 qui
936 3086 1118 3152 carceribus
1138 3100 1295 3173 praesunt,

345 3186 401 3250 sed
423 3190 552 3252 comites
566 3210 672 3251 rerum
696 3185 904 3272 privatarum,
920 3187 960 3251 ad
983 3188 1102 3252 ventris
1123 3201 1155 3253 et
1172 3189 1296 3254 intesti-

345 3310 460 3351 norum
482 3288 580 3353 refert
600 3288 781 3372 imaginem.
825 3289 907 3365 Quae
924 3289 950 3353 si
965 3288 1118 3354 immensa
1139 3290 1293 3356 aviditate

345 3389 570 3473 congesserint,
593 3403 625 3453 et
647 3402 797 3474 congesta
818 3390 960 3454 tenacius
986 3391 1225 3470 reservaverint,
1247 3392 1295 3457 in·

345 3490 556 3555 numerabiles
570 3505 602 3556 st
623 3491 813 3557 incurabiles
828 3506 980 3577 generant
1003 3494 1141 3571 morbos,
1164 3505 1201 3559 ut
1216 3493 1296 3559 vitio
1340 3530 1343 3535 v

347 3613 457 3655 eorum
473 3592 571 3657 totius
584 3594 725 3677 corporis
738 3594 832 3656 ruina
846 3594 1018 3659 immineat.
1063 3594 1205 3658 Pedibus
1220 3616 1295 3659 vero

346 3692 412 3757 solo
421 3692 545 3778 jugiter
555 3692 794 3770 inboerentibus,
803 3693 950 3777 agricolae
959 3705 1161 3779 coaptantur,
1173 3693 1295 3779 quibus

345 3794 459 3881 capitis
487 3791 687 3878 providentia
709 3806 800 3857 tanto
828 3794 931 3877 magis
953 3792 1126 3857 necessaria
1146 3804 1207 3868 est,
1230 3815 1295 3877 quo

344 3900 440 3983 plura
454 3894 620 3959 inveniunt
633 3892 835 3969 offendicula,
847 3896 924 3958 dum
940 3893 971 3956 in
988 3891 1142 3978 obsequio
1156 3897 1296 3979 corporis

346 3997 379 4060 in
408 4009 492 4061 terra
520 3994 723 4080 gradiuntur,
749 3997 861 4078 eisque
886 3994 1008 4080 justius
1039 4005 1294 4077 tegumentorum

346 4098 482 4162 debetur
493 4096 694 4181 suffragium,
709 4094 766 4180 qui
782 4094 1031 4180 totiuscorporis
1046 4094 1185 4178 erigunt,
1201 4094 1295 4159 susti·

345 4212 432 4274 nent,
443 4213 475 4263 et
487 4198 809 4284 pmmoventmolem.
834 4196 958 4268 Pedum
974 4196 1169 4265 adminicula
1184 4196 1295 4261 robus-

344 4298 465 4363 tissimo
485 4322 616 4385 corpore
638 4300 724 4379 tolle,
739 4299 804 4364 suis
826 4300 948 4364 viribus
969 4320 1032 4363 non
1055 4299 1216 4385 procedet,
1240 4297 1296 4363 sed

345 4411 402 4463 aut
433 4398 581 4483 turpiter,
610 4399 779 4476 inutiliter,
805 4411 834 4463 et
858 4402 989 4463 moleste
1018 4398 1163 4462 manibus
1193 4412 1294 4482 repet,
