<?xml version="1.0" encoding="UTF-8"?>
<!DOCTYPE html PUBLIC "-//W3C//DTD XHTML 1.0 Transitional//EN"
    "http://www.w3.org/TR/xhtml1/DTD/xhtml1-transitional.dtd">
<html xmlns="http://www.w3.org/1999/xhtml" xml:lang="en" lang="en">
 <head>
  <title>
</title>
<meta http-equiv="Content-Type" content="text/html;charset=utf-8" />
  <meta name='ocr-system' content='tesseract 3.04.00' />
  <meta name='ocr-capabilities' content='ocr_page ocr_carea ocr_par ocr_line ocrx_word'/>
</head>
<body>
  <div class='ocr_page' id='page_1' title='image "./joannissaresber12johngoog_0150.png"; bbox 0 0 3575 5575; ppageno 0'>
   <div class='ocr_carea' id='block_1_1' title="bbox 524 777 1472 862">
    <p class='ocr_par' dir='ltr' id='par_1_1' title="bbox 524 777 1472 862">
     <span class='ocr_line' id='line_1_1' title="bbox 524 777 1472 862; baseline 0.012 -26"><span class='ocrx_word' id='word_1_1' title='bbox 524 777 584 838; x_wconf 79' lang='lat'>140</span> <span class='ocrx_word' id='word_1_2' title='bbox 779 793 915 840; x_wconf 80' lang='lat' dir='ltr'>romnus</span> <span class='ocrx_word' id='word_1_3' title='bbox 931 795 1212 841; x_wconf 77' lang='lat' dir='ltr'>saansaaamusrs</span> <span class='ocrx_word' id='word_1_4' title='bbox 1345 784 1472 862; x_wconf 77' lang='lat' dir='ltr'>[aran.</span> 
     </span>
    </p>
   </div>
   <div class='ocr_carea' id='block_1_2' title="bbox 491 941 1473 3874">
    <p class='ocr_par' dir='ltr' id='par_1_2' title="bbox 491 941 1473 3874">
     <span class='ocr_line' id='line_1_2' title="bbox 521 941 1472 1035; baseline 0.007 -29"><span class='ocrx_word' id='word_1_5' title='bbox 521 965 573 1006; x_wconf 91' lang='lat' dir='ltr'>ces</span> <span class='ocrx_word' id='word_1_6' title='bbox 592 942 632 1006; x_wconf 91' lang='lat' dir='ltr'>de</span> <span class='ocrx_word' id='word_1_7' title='bbox 654 941 774 1008; x_wconf 82' lang='lat' dir='ltr'>intimis</span> <span class='ocrx_word' id='word_1_8' title='bbox 796 945 991 1029; x_wconf 82' lang='lat' dir='ltr'>praecordiis,</span> <span class='ocrx_word' id='word_1_9' title='bbox 1010 959 1041 1009; x_wconf 88' lang='lat' dir='ltr'>et</span> <span class='ocrx_word' id='word_1_10' title='bbox 1065 945 1204 1032; x_wconf 87' lang='lat' dir='ltr'>adjecit:</span> <span class='ocrx_word' id='word_1_11' title='bbox 1231 948 1304 1032; x_wconf 86' lang='lat' dir='ltr'>Ego</span> <span class='ocrx_word' id='word_1_12' title='bbox 1327 972 1395 1014; x_wconf 91' lang='lat' dir='ltr'>snm</span> <span class='ocrx_word' id='word_1_13' title='bbox 1416 950 1472 1035; x_wconf 93' lang='lat' dir='ltr'>qui</span> 
     </span>
     <span class='ocr_line' id='line_1_3' title="bbox 520 1046 1472 1137; baseline 0.007 -29"><span class='ocrx_word' id='word_1_14' title='bbox 520 1046 660 1130; x_wconf 90' lang='lat' dir='ltr'>peccavi,</span> <span class='ocrx_word' id='word_1_15' title='bbox 690 1067 750 1129; x_wconf 77' lang='lat' dir='ltr'>ego</span> <span class='ocrx_word' id='word_1_16' title='bbox 779 1046 887 1131; x_wconf 90' lang='lat' dir='ltr'>inique</span> <span class='ocrx_word' id='word_1_17' title='bbox 916 1047 978 1131; x_wconf 85' lang='lat' dir='ltr'>egi,</span> <span class='ocrx_word' id='word_1_18' title='bbox 1005 1047 1056 1110; x_wconf 88' lang='lat' dir='ltr'>isti</span> <span class='ocrx_word' id='word_1_19' title='bbox 1087 1047 1144 1133; x_wconf 91' lang='lat' dir='ltr'>qui</span> <span class='ocrx_word' id='word_1_20' title='bbox 1175 1072 1252 1112; x_wconf 88' lang='lat' dir='ltr'>oves</span> <span class='ocrx_word' id='word_1_21' title='bbox 1279 1065 1365 1127; x_wconf 73' lang='lat' dir='ltr'>saint,</span> <span class='ocrx_word' id='word_1_22' title='bbox 1392 1053 1472 1137; x_wconf 89' lang='lat' dir='ltr'>quid</span> 
     </span>
     <span class='ocr_line' id='line_1_4' title="bbox 520 1147 1472 1238; baseline 0.007 -28"><span class='ocrx_word' id='word_1_23' title='bbox 520 1148 688 1213; x_wconf 86' lang='lat' dir='ltr'>fecerunt?</span> <span class='ocrx_word' id='word_1_24' title='bbox 725 1153 829 1212; x_wconf 90' lang='lat' dir='ltr'>Verus</span> <span class='ocrx_word' id='word_1_25' title='bbox 848 1147 961 1234; x_wconf 90' lang='lat' dir='ltr'>utique</span> <span class='ocrx_word' id='word_1_26' title='bbox 981 1170 1048 1228; x_wconf 84' lang='lat' dir='ltr'>rex,</span> <span class='ocrx_word' id='word_1_27' title='bbox 1070 1161 1102 1212; x_wconf 91' lang='lat' dir='ltr'>et</span> <span class='ocrx_word' id='word_1_28' title='bbox 1119 1148 1230 1230; x_wconf 84' lang='lat' dir='ltr'>justus</span> <span class='ocrx_word' id='word_1_29' title='bbox 1255 1152 1413 1238; x_wconf 87' lang='lat' dir='ltr'>princeps,</span> <span class='ocrx_word' id='word_1_30' title='bbox 1440 1168 1472 1217; x_wconf 89' lang='lat' dir='ltr'>et</span> 
     </span>
     <span class='ocr_line' id='line_1_5' title="bbox 520 1249 1473 1341; baseline 0.005 -29"><span class='ocrx_word' id='word_1_31' title='bbox 520 1249 650 1334; x_wconf 84' lang='lat' dir='ltr'>dignae,</span> <span class='ocrx_word' id='word_1_32' title='bbox 663 1251 720 1337; x_wconf 93' lang='lat' dir='ltr'>qui</span> <span class='ocrx_word' id='word_1_33' title='bbox 739 1250 891 1315; x_wconf 86' lang='lat' dir='ltr'>Altissimi</span> <span class='ocrx_word' id='word_1_34' title='bbox 908 1251 1068 1335; x_wconf 79' lang='lat' dir='ltr'>frangeret</span> <span class='ocrx_word' id='word_1_35' title='bbox 1083 1250 1175 1325; x_wconf 88' lang='lat' dir='ltr'>iram,</span> <span class='ocrx_word' id='word_1_36' title='bbox 1190 1252 1247 1337; x_wconf 90' lang='lat' dir='ltr'>qui</span> <span class='ocrx_word' id='word_1_37' title='bbox 1263 1252 1340 1315; x_wconf 92' lang='lat' dir='ltr'>dum</span> <span class='ocrx_word' id='word_1_38' title='bbox 1366 1277 1398 1317; x_wconf 91' lang='lat' dir='ltr'>se</span> <span class='ocrx_word' id='word_1_39' title='bbox 1413 1278 1473 1341; x_wconf 88' lang='lat' dir='ltr'>pro</span> 
     </span>
     <span class='ocr_line' id='line_1_6' title="bbox 521 1349 1472 1440; baseline 0.005 -25"><span class='ocrx_word' id='word_1_40' title='bbox 521 1352 642 1437; x_wconf 92' lang='lat' dir='ltr'>populo</span> <span class='ocrx_word' id='word_1_41' title='bbox 667 1349 841 1435; x_wconf 85' lang='lat' dir='ltr'>flagellanti</span> <span class='ocrx_word' id='word_1_42' title='bbox 866 1352 936 1413; x_wconf 91' lang='lat' dir='ltr'>Deo</span> <span class='ocrx_word' id='word_1_43' title='bbox 961 1352 1122 1437; x_wconf 91' lang='lat' dir='ltr'>opposuit,</span> <span class='ocrx_word' id='word_1_44' title='bbox 1148 1351 1377 1436; x_wconf 83' lang='lat' dir='ltr'>indignationis</span> <span class='ocrx_word' id='word_1_45' title='bbox 1402 1356 1472 1440; x_wconf 89' lang='lat' dir='ltr'>ejus</span> 
     </span>
     <span class='ocr_line' id='line_1_7' title="bbox 520 1450 1472 1536; baseline 0.004 -22"><span class='ocrx_word' id='word_1_46' title='bbox 520 1450 681 1536; x_wconf 87' lang='lat' dir='ltr'>flagellum</span> <span class='ocrx_word' id='word_1_47' title='bbox 711 1451 840 1515; x_wconf 88' lang='lat' dir='ltr'>amovit.</span> <span class='ocrx_word' id='word_1_48' title='bbox 886 1453 971 1514; x_wconf 88' lang='lat' dir='ltr'>Eum</span> <span class='ocrx_word' id='word_1_49' title='bbox 1002 1451 1160 1536; x_wconf 89' lang='lat' dir='ltr'>siquidem</span> <span class='ocrx_word' id='word_1_50' title='bbox 1191 1454 1279 1516; x_wconf 89' lang='lat' dir='ltr'>nulla</span> <span class='ocrx_word' id='word_1_51' title='bbox 1308 1454 1472 1519; x_wconf 83' lang='lat' dir='ltr'>excusatio</span> 
     </span>
     <span class='ocr_line' id='line_1_8' title="bbox 521 1551 1471 1638; baseline 0.006 -22"><span class='ocrx_word' id='word_1_52' title='bbox 521 1553 630 1630; x_wconf 86' lang='lat' dir='ltr'>flectit,</span> <span class='ocrx_word' id='word_1_53' title='bbox 643 1551 702 1616; x_wconf 80' lang='lat' dir='ltr'>nisi</span> <span class='ocrx_word' id='word_1_54' title='bbox 714 1573 813 1636; x_wconf 90' lang='lat' dir='ltr'>quum</span> <span class='ocrx_word' id='word_1_55' title='bbox 826 1551 899 1635; x_wconf 90' lang='lat' dir='ltr'>quis</span> <span class='ocrx_word' id='word_1_56' title='bbox 909 1553 1039 1638; x_wconf 89' lang='lat' dir='ltr'>proprio</span> <span class='ocrx_word' id='word_1_57' title='bbox 1046 1552 1171 1638; x_wconf 89' lang='lat' dir='ltr'>judicio</span> <span class='ocrx_word' id='word_1_58' title='bbox 1180 1570 1356 1620; x_wconf 89' lang='lat' dir='ltr'>accusatur.</span> <span class='ocrx_word' id='word_1_59' title='bbox 1380 1557 1471 1622; x_wconf 88' lang='lat' dir='ltr'>Nihil</span> 
     </span>
     <span class='ocr_line' id='line_1_9' title="bbox 520 1651 1470 1740; baseline 0.004 -22"><span class='ocrx_word' id='word_1_60' title='bbox 520 1667 625 1718; x_wconf 85' lang='lat' dir='ltr'>movet</span> <span class='ocrx_word' id='word_1_61' title='bbox 643 1654 684 1717; x_wconf 91' lang='lat' dir='ltr'>ad</span> <span class='ocrx_word' id='word_1_62' title='bbox 709 1651 843 1727; x_wconf 89' lang='lat' dir='ltr'>veniam,</span> <span class='ocrx_word' id='word_1_63' title='bbox 864 1652 923 1714; x_wconf 85' lang='lat' dir='ltr'>nisi</span> <span class='ocrx_word' id='word_1_64' title='bbox 944 1675 1044 1738; x_wconf 88' lang='lat' dir='ltr'>quum</span> <span class='ocrx_word' id='word_1_65' title='bbox 1068 1676 1183 1718; x_wconf 85' lang='lat' dir='ltr'>nocens</span> <span class='ocrx_word' id='word_1_66' title='bbox 1206 1656 1325 1720; x_wconf 90' lang='lat' dir='ltr'>nudam</span> <span class='ocrx_word' id='word_1_67' title='bbox 1350 1658 1470 1740; x_wconf 82' lang='lat' dir='ltr'>detegit</span> 
     </span>
     <span class='ocr_line' id='line_1_10' title="bbox 520 1754 1472 1845; baseline 0.003 -25"><span class='ocrx_word' id='word_1_68' title='bbox 520 1757 658 1843; x_wconf 87' lang='lat' dir='ltr'>culpam.</span> <span class='ocrx_word' id='word_1_69' title='bbox 686 1754 938 1819; x_wconf 86' lang='lat' dir='ltr'>Misericordiam</span> <span class='ocrx_word' id='word_1_70' title='bbox 952 1755 1031 1818; x_wconf 90' lang='lat' dir='ltr'>nihil</span> <span class='ocrx_word' id='word_1_71' title='bbox 1043 1757 1205 1833; x_wconf 84' lang='lat' dir='ltr'>admonet,</span> <span class='ocrx_word' id='word_1_72' title='bbox 1217 1759 1277 1822; x_wconf 90' lang='lat' dir='ltr'>nisi</span> <span class='ocrx_word' id='word_1_73' title='bbox 1289 1782 1388 1845; x_wconf 91' lang='lat' dir='ltr'>quum</span> <span class='ocrx_word' id='word_1_74' title='bbox 1404 1761 1472 1823; x_wconf 92' lang='lat' dir='ltr'>ani·</span> 
     </span>
     <span class='ocr_line' id='line_1_11' title="bbox 519 1855 1471 1943; baseline 0.007 -25"><span class='ocrx_word' id='word_1_75' title='bbox 519 1877 592 1919; x_wconf 88' lang='lat' dir='ltr'>mus</span> <span class='ocrx_word' id='word_1_76' title='bbox 607 1855 738 1919; x_wconf 88' lang='lat' dir='ltr'>caritate</span> <span class='ocrx_word' id='word_1_77' title='bbox 758 1876 937 1928; x_wconf 82' lang='lat' dir='ltr'>succensus,</span> <span class='ocrx_word' id='word_1_78' title='bbox 953 1855 986 1918; x_wconf 92' lang='lat' dir='ltr'>in</span> <span class='ocrx_word' id='word_1_79' title='bbox 1007 1879 1041 1918; x_wconf 89' lang='lat' dir='ltr'>se</span> <span class='ocrx_word' id='word_1_80' title='bbox 1061 1856 1131 1943; x_wconf 88' lang='lat' dir='ltr'>ipso</span> <span class='ocrx_word' id='word_1_81' title='bbox 1149 1859 1335 1922; x_wconf 88' lang='lat' dir='ltr'>conteritur.</span> <span class='ocrx_word' id='word_1_82' title='bbox 1380 1861 1471 1925; x_wconf 93' lang='lat' dir='ltr'>Nibil</span> 
     </span>
     <span class='ocr_line' id='line_1_12' title="bbox 520 1955 1469 2042; baseline 0.006 -24"><span class='ocrx_word' id='word_1_83' title='bbox 520 1956 690 2042; x_wconf 81' lang='lat' dir='ltr'>persuadet</span> <span class='ocrx_word' id='word_1_84' title='bbox 703 1955 944 2040; x_wconf 87' lang='lat' dir='ltr'>propitiandum</span> <span class='ocrx_word' id='word_1_85' title='bbox 955 1977 1032 2030; x_wconf 88' lang='lat' dir='ltr'>esse,</span> <span class='ocrx_word' id='word_1_86' title='bbox 1046 1957 1104 2020; x_wconf 90' lang='lat' dir='ltr'>nisi</span> <span class='ocrx_word' id='word_1_87' title='bbox 1121 1980 1221 2039; x_wconf 90' lang='lat' dir='ltr'>quum</span> <span class='ocrx_word' id='word_1_88' title='bbox 1237 1981 1326 2022; x_wconf 85' lang='lat' dir='ltr'>mens</span> <span class='ocrx_word' id='word_1_89' title='bbox 1341 1983 1469 2025; x_wconf 92' lang='lat' dir='ltr'>manum</span> 
     </span>
     <span class='ocr_line' id='line_1_13' title="bbox 519 2055 1468 2148; baseline 0.006 -28"><span class='ocrx_word' id='word_1_90' title='bbox 519 2058 623 2144; x_wconf 91' lang='lat' dir='ltr'>operis</span> <span class='ocrx_word' id='word_1_91' title='bbox 652 2056 795 2121; x_wconf 85' lang='lat' dir='ltr'>extendit</span> <span class='ocrx_word' id='word_1_92' title='bbox 824 2055 864 2119; x_wconf 92' lang='lat' dir='ltr'>ad</span> <span class='ocrx_word' id='word_1_93' title='bbox 896 2057 1164 2124; x_wconf 80' lang='lat' dir='ltr'>satisfaciendum.</span> <span class='ocrx_word' id='word_1_94' title='bbox 1221 2061 1254 2124; x_wconf 90' lang='lat' dir='ltr'>Si</span> <span class='ocrx_word' id='word_1_95' title='bbox 1284 2063 1358 2148; x_wconf 88' lang='lat' dir='ltr'>quis</span> <span class='ocrx_word' id='word_1_96' title='bbox 1386 2065 1468 2126; x_wconf 90' lang='lat' dir='ltr'>enirn</span> 
     </span>
     <span class='ocr_line' id='line_1_14' title="bbox 519 2152 1470 2244; baseline 0.005 -20"><span class='ocrx_word' id='word_1_97' title='bbox 519 2161 640 2224; x_wconf 80' lang='lat' dir='ltr'>fatetur</span> <span class='ocrx_word' id='word_1_98' title='bbox 656 2159 795 2244; x_wconf 90' lang='lat' dir='ltr'>culpam,</span> <span class='ocrx_word' id='word_1_99' title='bbox 805 2159 927 2224; x_wconf 89' lang='lat' dir='ltr'>inutilis</span> <span class='ocrx_word' id='word_1_100' title='bbox 938 2173 984 2224; x_wconf 92' lang='lat' dir='ltr'>est</span> <span class='ocrx_word' id='word_1_101' title='bbox 997 2161 1161 2237; x_wconf 89' lang='lat' dir='ltr'>confessio,</span> <span class='ocrx_word' id='word_1_102' title='bbox 1176 2152 1236 2227; x_wconf 82' lang='lat' dir='ltr'>nisi</span> <span class='ocrx_word' id='word_1_103' title='bbox 1248 2165 1470 2229; x_wconf 79' lang='lat' dir='ltr'>satisfactionis</span> 
     </span>
     <span class='ocr_line' id='line_1_15' title="bbox 519 2258 1469 2350; baseline 0.004 -24"><span class='ocrx_word' id='word_1_104' title='bbox 519 2261 624 2326; x_wconf 89' lang='lat' dir='ltr'>animo</span> <span class='ocrx_word' id='word_1_105' title='bbox 653 2274 759 2326; x_wconf 90' lang='lat' dir='ltr'>currat</span> <span class='ocrx_word' id='word_1_106' title='bbox 790 2261 831 2324; x_wconf 89' lang='lat' dir='ltr'>ad</span> <span class='ocrx_word' id='word_1_107' title='bbox 860 2258 994 2326; x_wconf 87' lang='lat' dir='ltr'>veniam.</span> <span class='ocrx_word' id='word_1_108' title='bbox 1040 2263 1183 2337; x_wconf 86' lang='lat' dir='ltr'>Peccavi,</span> <span class='ocrx_word' id='word_1_109' title='bbox 1213 2265 1469 2350; x_wconf 62' lang='lat' dir='ltr'>inquinandus,</span> 
     </span>
     <span class='ocr_line' id='line_1_16' title="bbox 520 2363 1470 2454; baseline 0.002 -24"><span class='ocrx_word' id='word_1_110' title='bbox 520 2365 649 2430; x_wconf 83' lang='lat' dir='ltr'>tradens</span> <span class='ocrx_word' id='word_1_111' title='bbox 665 2363 848 2448; x_wconf 88' lang='lat' dir='ltr'>sanguinem</span> <span class='ocrx_word' id='word_1_112' title='bbox 859 2365 997 2448; x_wconf 86' lang='lat' dir='ltr'>justum.</span> <span class='ocrx_word' id='word_1_113' title='bbox 1042 2366 1121 2429; x_wconf 88' lang='lat' dir='ltr'>Fuit</span> <span class='ocrx_word' id='word_1_114' title='bbox 1136 2367 1247 2451; x_wconf 90' lang='lat' dir='ltr'>itaque</span> <span class='ocrx_word' id='word_1_115' title='bbox 1263 2389 1337 2432; x_wconf 89' lang='lat' dir='ltr'>vera</span> <span class='ocrx_word' id='word_1_116' title='bbox 1352 2390 1470 2454; x_wconf 89' lang='lat' dir='ltr'>usque-</span> 
     </span>
     <span class='ocr_line' id='line_1_17' title="bbox 519 2461 1468 2551; baseline 0.003 -23"><span class='ocrx_word' id='word_1_117' title='bbox 519 2487 647 2551; x_wconf 91' lang='lat' dir='ltr'>quaque</span> <span class='ocrx_word' id='word_1_118' title='bbox 661 2461 834 2529; x_wconf 89' lang='lat' dir='ltr'>confessio:</span> <span class='ocrx_word' id='word_1_119' title='bbox 858 2464 912 2526; x_wconf 88' lang='lat' dir='ltr'>sed</span> <span class='ocrx_word' id='word_1_120' title='bbox 923 2464 1054 2540; x_wconf 87' lang='lat' dir='ltr'>inutilis,</span> <span class='ocrx_word' id='word_1_121' title='bbox 1070 2466 1147 2550; x_wconf 91' lang='lat' dir='ltr'>quia</span> <span class='ocrx_word' id='word_1_122' title='bbox 1158 2467 1266 2550; x_wconf 87' lang='lat' dir='ltr'>potius</span> <span class='ocrx_word' id='word_1_123' title='bbox 1277 2468 1419 2530; x_wconf 89' lang='lat' dir='ltr'>cucurrit</span> <span class='ocrx_word' id='word_1_124' title='bbox 1426 2469 1468 2532; x_wconf 89' lang='lat' dir='ltr'>ad</span> 
     </span>
     <span class='ocr_line' id='line_1_18' title="bbox 517 2566 1469 2653; baseline 0.005 -22"><span class='ocrx_word' id='word_1_125' title='bbox 517 2568 668 2653; x_wconf 90' lang='lat' dir='ltr'>laqueum</span> <span class='ocrx_word' id='word_1_126' title='bbox 679 2589 775 2652; x_wconf 89' lang='lat' dir='ltr'>quem</span> <span class='ocrx_word' id='word_1_127' title='bbox 786 2579 956 2644; x_wconf 89' lang='lat' dir='ltr'>meruerat,</span> <span class='ocrx_word' id='word_1_128' title='bbox 965 2587 1060 2651; x_wconf 90' lang='lat' dir='ltr'>qnam</span> <span class='ocrx_word' id='word_1_129' title='bbox 1067 2566 1107 2629; x_wconf 93' lang='lat' dir='ltr'>ad</span> <span class='ocrx_word' id='word_1_130' title='bbox 1114 2567 1234 2631; x_wconf 86' lang='lat' dir='ltr'>fontem</span> <span class='ocrx_word' id='word_1_131' title='bbox 1247 2568 1469 2636; x_wconf 76' lang='lat' dir='ltr'>misericordiae</span> 
     </span>
     <span class='ocr_line' id='line_1_19' title="bbox 515 2667 1471 2756; baseline 0.003 -24"><span class='ocrx_word' id='word_1_132' title='bbox 515 2692 614 2756; x_wconf 91' lang='lat' dir='ltr'>quam</span> <span class='ocrx_word' id='word_1_133' title='bbox 637 2669 848 2744; x_wconf 89' lang='lat' dir='ltr'>demeruerat,</span> <span class='ocrx_word' id='word_1_134' title='bbox 870 2680 902 2732; x_wconf 90' lang='lat' dir='ltr'>et</span> <span class='ocrx_word' id='word_1_135' title='bbox 925 2667 1144 2733; x_wconf 86' lang='lat' dir='ltr'>obstinationis</span> <span class='ocrx_word' id='word_1_136' title='bbox 1167 2692 1232 2732; x_wconf 87' lang='lat' dir='ltr'>suae</span> <span class='ocrx_word' id='word_1_137' title='bbox 1254 2668 1374 2733; x_wconf 86' lang='lat' dir='ltr'>duritia</span> <span class='ocrx_word' id='word_1_138' title='bbox 1388 2692 1471 2755; x_wconf 83' lang='lat' dir='ltr'>prae·</span> 
     </span>
     <span class='ocr_line' id='line_1_20' title="bbox 515 2771 1469 2859; baseline 0.001 -22"><span class='ocrx_word' id='word_1_139' title='bbox 515 2773 652 2837; x_wconf 85' lang='lat' dir='ltr'>cluserat</span> <span class='ocrx_word' id='word_1_140' title='bbox 683 2771 751 2837; x_wconf 90' lang='lat' dir='ltr'>sibi.</span> <span class='ocrx_word' id='word_1_141' title='bbox 799 2773 883 2835; x_wconf 92' lang='lat' dir='ltr'>Eum</span> <span class='ocrx_word' id='word_1_142' title='bbox 915 2783 1019 2835; x_wconf 88' lang='lat' dir='ltr'>tamen</span> <span class='ocrx_word' id='word_1_143' title='bbox 1051 2771 1202 2857; x_wconf 88' lang='lat' dir='ltr'>poenituit</span> <span class='ocrx_word' id='word_1_144' title='bbox 1232 2771 1351 2849; x_wconf 88' lang='lat' dir='ltr'>fecisse,</span> <span class='ocrx_word' id='word_1_145' title='bbox 1381 2773 1469 2859; x_wconf 90' lang='lat' dir='ltr'>quud</span> 
     </span>
     <span class='ocr_line' id='line_1_21' title="bbox 517 2871 1467 2959; baseline 0.002 -24"><span class='ocrx_word' id='word_1_146' title='bbox 517 2872 648 2950; x_wconf 88' lang='lat' dir='ltr'>fecerat,</span> <span class='ocrx_word' id='word_1_147' title='bbox 674 2873 728 2936; x_wconf 87' lang='lat' dir='ltr'>sed</span> <span class='ocrx_word' id='word_1_148' title='bbox 755 2895 815 2936; x_wconf 92' lang='lat' dir='ltr'>non</span> <span class='ocrx_word' id='word_1_149' title='bbox 837 2896 874 2935; x_wconf 93' lang='lat' dir='ltr'>eo</span> <span class='ocrx_word' id='word_1_150' title='bbox 900 2871 1077 2936; x_wconf 85' lang='lat' dir='ltr'>devotionis</span> <span class='ocrx_word' id='word_1_151' title='bbox 1103 2871 1232 2953; x_wconf 86' lang='lat' dir='ltr'>affectu,</span> <span class='ocrx_word' id='word_1_152' title='bbox 1257 2874 1313 2959; x_wconf 91' lang='lat' dir='ltr'>qui</span> <span class='ocrx_word' id='word_1_153' title='bbox 1330 2872 1467 2959; x_wconf 86' lang='lat' dir='ltr'>lapidem</span> 
     </span>
     <span class='ocr_line' id='line_1_22' title="bbox 516 2970 1466 3060; baseline 0.005 -26"><span class='ocrx_word' id='word_1_154' title='bbox 516 2972 669 3058; x_wconf 89' lang='lat' dir='ltr'>adjutorii</span> <span class='ocrx_word' id='word_1_155' title='bbox 700 2972 856 3037; x_wconf 88' lang='lat' dir='ltr'>sufficeret</span> <span class='ocrx_word' id='word_1_156' title='bbox 881 2970 1032 3036; x_wconf 87' lang='lat' dir='ltr'>emollire.</span> <span class='ocrx_word' id='word_1_157' title='bbox 1089 2974 1283 3039; x_wconf 90' lang='lat' dir='ltr'>Poenitentia</span> <span class='ocrx_word' id='word_1_158' title='bbox 1311 2975 1466 3060; x_wconf 88' lang='lat' dir='ltr'>siquidem</span> 
     </span>
     <span class='ocr_line' id='line_1_23' title="bbox 519 3072 1467 3161; baseline 0.005 -24"><span class='ocrx_word' id='word_1_159' title='bbox 519 3072 637 3139; x_wconf 88' lang='lat' dir='ltr'>ductus</span> <span class='ocrx_word' id='word_1_160' title='bbox 653 3073 766 3160; x_wconf 89' lang='lat' dir='ltr'>laqueo</span> <span class='ocrx_word' id='word_1_161' title='bbox 777 3097 809 3138; x_wconf 92' lang='lat' dir='ltr'>se</span> <span class='ocrx_word' id='word_1_162' title='bbox 825 3074 1004 3159; x_wconf 90' lang='lat' dir='ltr'>suspendit.</span> <span class='ocrx_word' id='word_1_163' title='bbox 1049 3076 1155 3140; x_wconf 88' lang='lat' dir='ltr'>Vitam</span> <span class='ocrx_word' id='word_1_164' title='bbox 1168 3099 1245 3159; x_wconf 86' lang='lat' dir='ltr'>ergo</span> <span class='ocrx_word' id='word_1_165' title='bbox 1253 3078 1353 3161; x_wconf 82' lang='lat' dir='ltr'>digno</span> <span class='ocrx_word' id='word_1_166' title='bbox 1364 3078 1467 3142; x_wconf 86' lang='lat' dir='ltr'>finivit</span> 
     </span>
     <span class='ocr_line' id='line_1_24' title="bbox 515 3176 1467 3263; baseline 0.002 -22"><span class='ocrx_word' id='word_1_167' title='bbox 515 3176 695 3263; x_wconf 83' lang='lat' dir='ltr'>supplicio;</span> <span class='ocrx_word' id='word_1_168' title='bbox 727 3177 781 3242; x_wconf 91' lang='lat' dir='ltr'>sed</span> <span class='ocrx_word' id='word_1_169' title='bbox 804 3177 880 3263; x_wconf 87' lang='lat' dir='ltr'>quia</span> <span class='ocrx_word' id='word_1_170' title='bbox 901 3176 1053 3240; x_wconf 89' lang='lat' dir='ltr'>malitiam</span> <span class='ocrx_word' id='word_1_171' title='bbox 1078 3179 1312 3255; x_wconf 80' lang='lat' dir='ltr'>concurrexit,</span> <span class='ocrx_word' id='word_1_172' title='bbox 1344 3182 1467 3244; x_wconf 86' lang='lat' dir='ltr'>veniam</span> 
     </span>
     <span class='ocr_line' id='line_1_25' title="bbox 516 3276 1468 3366; baseline 0.001 -23"><span class='ocrx_word' id='word_1_173' title='bbox 516 3280 577 3344; x_wconf 85' lang='lat' dir='ltr'>sibi</span> <span class='ocrx_word' id='word_1_174' title='bbox 607 3280 695 3344; x_wconf 93' lang='lat' dir='ltr'>nullo</span> <span class='ocrx_word' id='word_1_175' title='bbox 717 3279 827 3343; x_wconf 91' lang='lat' dir='ltr'>salutis</span> <span class='ocrx_word' id='word_1_176' title='bbox 849 3276 1033 3366; x_wconf 86' lang='lat' dir='ltr'>procuravit</span> <span class='ocrx_word' id='word_1_177' title='bbox 1063 3279 1209 3344; x_wconf 86' lang='lat' dir='ltr'>remedio.</span> <span class='ocrx_word' id='word_1_178' title='bbox 1256 3279 1307 3342; x_wconf 93' lang='lat' dir='ltr'>Sic</span> <span class='ocrx_word' id='word_1_179' title='bbox 1329 3280 1412 3343; x_wconf 89' lang='lat' dir='ltr'>enim</span> <span class='ocrx_word' id='word_1_180' title='bbox 1435 3294 1468 3345; x_wconf 92' lang='lat' dir='ltr'>et</span> 
     </span>
     <span class='ocr_line' id='line_1_26' title="bbox 491 3379 1468 3468; baseline -0.001 -21"><span class='ocrx_word' id='word_1_181' title='bbox 491 3416 493 3423; x_wconf 95' lang='lat'>·</span> <span class='ocrx_word' id='word_1_182' title='bbox 515 3382 603 3468; x_wconf 85' lang='lat' dir='ltr'>apud</span> <span class='ocrx_word' id='word_1_183' title='bbox 619 3382 735 3446; x_wconf 86' lang='lat' dir='ltr'>inferos</span> <span class='ocrx_word' id='word_1_184' title='bbox 751 3382 900 3445; x_wconf 89' lang='lat' dir='ltr'>scribitur</span> <span class='ocrx_word' id='word_1_185' title='bbox 914 3405 981 3450; x_wconf 87' lang='lat' dir='ltr'>esse</span> <span class='ocrx_word' id='word_1_186' title='bbox 996 3380 1144 3445; x_wconf 87' lang='lat' dir='ltr'>stimulus</span> <span class='ocrx_word' id='word_1_187' title='bbox 1160 3379 1380 3466; x_wconf 91' lang='lat' dir='ltr'>poenitudinis,</span> <span class='ocrx_word' id='word_1_188' title='bbox 1394 3381 1468 3446; x_wconf 89' lang='lat' dir='ltr'>licet</span> 
     </span>
     <span class='ocr_line' id='line_1_27' title="bbox 515 3482 1469 3569; baseline -0.003 -21"><span class='ocrx_word' id='word_1_189' title='bbox 515 3483 605 3548; x_wconf 92' lang='lat' dir='ltr'>nulla</span> <span class='ocrx_word' id='word_1_190' title='bbox 627 3483 667 3547; x_wconf 90' lang='lat' dir='ltr'>sit</span> <span class='ocrx_word' id='word_1_191' title='bbox 688 3483 839 3547; x_wconf 88' lang='lat' dir='ltr'>correctio</span> <span class='ocrx_word' id='word_1_192' title='bbox 861 3506 969 3569; x_wconf 83' lang='lat' dir='ltr'>pravae</span> <span class='ocrx_word' id='word_1_193' title='bbox 989 3482 1169 3547; x_wconf 87' lang='lat' dir='ltr'>voluntatis.</span> <span class='ocrx_word' id='word_1_194' title='bbox 1218 3482 1269 3545; x_wconf 93' lang='lat' dir='ltr'>Sic</span> <span class='ocrx_word' id='word_1_195' title='bbox 1292 3506 1369 3567; x_wconf 87' lang='lat' dir='ltr'>ergo</span> <span class='ocrx_word' id='word_1_196' title='bbox 1390 3482 1469 3547; x_wconf 88' lang='lat' dir='ltr'>Saul</span> 
     </span>
     <span class='ocr_line' id='line_1_28' title="bbox 515 3583 1468 3673; baseline -0.003 -23"><span class='ocrx_word' id='word_1_197' title='bbox 515 3585 627 3673; x_wconf 90' lang='lat' dir='ltr'>procul</span> <span class='ocrx_word' id='word_1_198' title='bbox 642 3583 740 3649; x_wconf 92' lang='lat' dir='ltr'>dubio</span> <span class='ocrx_word' id='word_1_199' title='bbox 749 3598 914 3670; x_wconf 89' lang='lat' dir='ltr'>peccatum</span> <span class='ocrx_word' id='word_1_200' title='bbox 926 3607 1019 3648; x_wconf 90' lang='lat' dir='ltr'>suum</span> <span class='ocrx_word' id='word_1_201' title='bbox 1031 3585 1193 3670; x_wconf 85' lang='lat' dir='ltr'>imponere</span> <span class='ocrx_word' id='word_1_202' title='bbox 1204 3584 1319 3649; x_wconf 90' lang='lat' dir='ltr'>nititur</span> <span class='ocrx_word' id='word_1_203' title='bbox 1327 3584 1468 3648; x_wconf 87' lang='lat' dir='ltr'>humeris</span> 
     </span>
     <span class='ocr_line' id='line_1_29' title="bbox 513 3686 1468 3773; baseline -0.008 -18"><span class='ocrx_word' id='word_1_204' title='bbox 513 3689 638 3766; x_wconf 85' lang='lat' dir='ltr'>alienis,</span> <span class='ocrx_word' id='word_1_205' title='bbox 652 3698 685 3751; x_wconf 87' lang='lat' dir='ltr'>et</span> <span class='ocrx_word' id='word_1_206' title='bbox 699 3686 776 3751; x_wconf 91' lang='lat' dir='ltr'>dum</span> <span class='ocrx_word' id='word_1_207' title='bbox 793 3686 920 3750; x_wconf 87' lang='lat' dir='ltr'>simulat</span> <span class='ocrx_word' id='word_1_208' title='bbox 941 3686 1029 3771; x_wconf 92' lang='lat' dir='ltr'>quod</span> <span class='ocrx_word' id='word_1_209' title='bbox 1049 3710 1070 3749; x_wconf 90' lang='lat' dir='ltr'>a</span> <span class='ocrx_word' id='word_1_210' title='bbox 1084 3708 1179 3771; x_wconf 87' lang='lat' dir='ltr'>poena</span> <span class='ocrx_word' id='word_1_211' title='bbox 1194 3686 1270 3750; x_wconf 85' lang='lat' dir='ltr'>velit</span> <span class='ocrx_word' id='word_1_212' title='bbox 1286 3709 1343 3773; x_wconf 91' lang='lat' dir='ltr'>per</span> <span class='ocrx_word' id='word_1_213' title='bbox 1358 3708 1468 3771; x_wconf 86' lang='lat' dir='ltr'>preces</span> 
     </span>
     <span class='ocr_line' id='line_1_30' title="bbox 514 3786 1468 3874; baseline -0.01 -15"><span class='ocrx_word' id='word_1_214' title='bbox 514 3791 669 3859; x_wconf 82' lang='lat' dir='ltr'>Samuelis</span> <span class='ocrx_word' id='word_1_215' title='bbox 683 3790 792 3867; x_wconf 84' lang='lat' dir='ltr'>eximi,</span> <span class='ocrx_word' id='word_1_216' title='bbox 802 3788 939 3874; x_wconf 87' lang='lat' dir='ltr'>seipsum</span> <span class='ocrx_word' id='word_1_217' title='bbox 952 3786 1083 3873; x_wconf 86' lang='lat' dir='ltr'>gravius</span> <span class='ocrx_word' id='word_1_218' title='bbox 1093 3803 1271 3867; x_wconf 89' lang='lat' dir='ltr'>oneratum,</span> <span class='ocrx_word' id='word_1_219' title='bbox 1282 3786 1468 3850; x_wconf 86' lang='lat' dir='ltr'>fortioribus</span> 
     </span>
    </p>
   </div>
   <div class='ocr_carea' id='block_1_3' title="bbox 509 3886 1468 4490">
    <p class='ocr_par' dir='ltr' id='par_1_3' title="bbox 509 3886 1468 4490">
     <span class='ocr_line' id='line_1_31' title="bbox 513 3886 1468 3978; baseline -0.007 -20"><span class='ocrx_word' id='word_1_220' title='bbox 513 3894 636 3978; x_wconf 87' lang='lat' dir='ltr'>laqueis</span> <span class='ocrx_word' id='word_1_221' title='bbox 655 3891 799 3971; x_wconf 88' lang='lat' dir='ltr'>involvit,</span> <span class='ocrx_word' id='word_1_222' title='bbox 813 3904 845 3955; x_wconf 92' lang='lat' dir='ltr'>et</span> <span class='ocrx_word' id='word_1_223' title='bbox 862 3890 1059 3976; x_wconf 86' lang='lat' dir='ltr'>irreparabili</span> <span class='ocrx_word' id='word_1_224' title='bbox 1082 3891 1237 3954; x_wconf 86' lang='lat' dir='ltr'>sententia</span> <span class='ocrx_word' id='word_1_225' title='bbox 1256 3886 1468 3951; x_wconf 89' lang='lat' dir='ltr'>damnationis</span> 
     </span>
     <span class='ocr_line' id='line_1_32' title="bbox 514 3990 1466 4079; baseline -0.006 -20"><span class='ocrx_word' id='word_1_226' title='bbox 514 3995 671 4079; x_wconf 81' lang='lat' dir='ltr'>astringit.</span> <span class='ocrx_word' id='word_1_227' title='bbox 718 3994 871 4079; x_wconf 92' lang='lat' dir='ltr'>Sequitur</span> <span class='ocrx_word' id='word_1_228' title='bbox 885 3994 988 4058; x_wconf 89' lang='lat' dir='ltr'>enim:</span> <span class='ocrx_word' id='word_1_229' title='bbox 1014 3997 1058 4057; x_wconf 84' lang='lat' dir='ltr'>Et</span> <span class='ocrx_word' id='word_1_230' title='bbox 1074 4014 1244 4056; x_wconf 89' lang='lat' dir='ltr'>conversus</span> <span class='ocrx_word' id='word_1_231' title='bbox 1265 4002 1313 4053; x_wconf 90' lang='lat' dir='ltr'>est</span> <span class='ocrx_word' id='word_1_232' title='bbox 1336 3990 1466 4054; x_wconf 89' lang='lat' dir='ltr'>Samuel</span> 
     </span>
     <span class='ocr_line' id='line_1_33' title="bbox 513 4092 1467 4179; baseline -0.006 -19"><span class='ocrx_word' id='word_1_233' title='bbox 513 4108 552 4160; x_wconf 90' lang='lat' dir='ltr'>ut</span> <span class='ocrx_word' id='word_1_234' title='bbox 567 4095 677 4158; x_wconf 90' lang='lat' dir='ltr'>abiret.</span> <span class='ocrx_word' id='word_1_235' title='bbox 723 4093 784 4157; x_wconf 89' lang='lat' dir='ltr'>llle</span> <span class='ocrx_word' id='word_1_236' title='bbox 804 4107 911 4158; x_wconf 89' lang='lat' dir='ltr'>autem</span> <span class='ocrx_word' id='word_1_237' title='bbox 931 4092 1141 4179; x_wconf 89' lang='lat' dir='ltr'>apprehendit</span> <span class='ocrx_word' id='word_1_238' title='bbox 1163 4092 1377 4157; x_wconf 87' lang='lat' dir='ltr'>summitatem</span> <span class='ocrx_word' id='word_1_239' title='bbox 1399 4092 1467 4177; x_wconf 90' lang='lat' dir='ltr'>pal-</span> 
     </span>
     <span class='ocr_line' id='line_1_34' title="bbox 514 4190 1465 4279; baseline -0.003 -20"><span class='ocrx_word' id='word_1_240' title='bbox 514 4195 547 4259; x_wconf 94' lang='lat' dir='ltr'>lii</span> <span class='ocrx_word' id='word_1_241' title='bbox 563 4194 644 4279; x_wconf 87' lang='lat' dir='ltr'>ejus,</span> <span class='ocrx_word' id='word_1_242' title='bbox 659 4216 733 4279; x_wconf 78' lang='lat' dir='ltr'>quae</span> <span class='ocrx_word' id='word_1_243' title='bbox 748 4192 842 4256; x_wconf 84' lang='lat' dir='ltr'>scissa</span> <span class='ocrx_word' id='word_1_244' title='bbox 857 4207 914 4258; x_wconf 89' lang='lat' dir='ltr'>cst.</span> <span class='ocrx_word' id='word_1_245' title='bbox 930 4197 975 4258; x_wconf 80' lang='lat' dir='ltr'>Et</span> <span class='ocrx_word' id='word_1_246' title='bbox 991 4193 1035 4258; x_wconf 92' lang='lat' dir='ltr'>ait</span> <span class='ocrx_word' id='word_1_247' title='bbox 1047 4192 1088 4257; x_wconf 92' lang='lat' dir='ltr'>ad</span> <span class='ocrx_word' id='word_1_248' title='bbox 1104 4215 1176 4256; x_wconf 86' lang='lat' dir='ltr'>eum</span> <span class='ocrx_word' id='word_1_249' title='bbox 1189 4190 1336 4255; x_wconf 89' lang='lat' dir='ltr'>Samuel:</span> <span class='ocrx_word' id='word_1_250' title='bbox 1363 4191 1465 4257; x_wconf 86' lang='lat' dir='ltr'>Scidit</span> 
     </span>
     <span class='ocr_line' id='line_1_35' title="bbox 512 4292 1464 4378; baseline -0.006 -16"><span class='ocrx_word' id='word_1_251' title='bbox 512 4296 671 4363; x_wconf 89' lang='lat' dir='ltr'>Dominus</span> <span class='ocrx_word' id='word_1_252' title='bbox 686 4315 819 4378; x_wconf 85' lang='lat' dir='ltr'>regnum</span> <span class='ocrx_word' id='word_1_253' title='bbox 837 4295 935 4359; x_wconf 88' lang='lat' dir='ltr'>Israel</span> <span class='ocrx_word' id='word_1_254' title='bbox 959 4318 977 4358; x_wconf 92' lang='lat' dir='ltr'>a</span> <span class='ocrx_word' id='word_1_255' title='bbox 998 4308 1029 4359; x_wconf 95' lang='lat' dir='ltr'>te</span> <span class='ocrx_word' id='word_1_256' title='bbox 1052 4294 1160 4371; x_wconf 93' lang='lat' dir='ltr'>hodie,</span> <span class='ocrx_word' id='word_1_257' title='bbox 1174 4305 1207 4357; x_wconf 90' lang='lat' dir='ltr'>et</span> <span class='ocrx_word' id='word_1_258' title='bbox 1230 4293 1363 4357; x_wconf 88' lang='lat' dir='ltr'>tradidit</span> <span class='ocrx_word' id='word_1_259' title='bbox 1383 4292 1464 4356; x_wconf 92' lang='lat' dir='ltr'>illud</span> 
     </span>
     <span class='ocr_line' id='line_1_36' title="bbox 509 4396 1468 4490; baseline -0.007 -24"><span class='ocrx_word' id='word_1_260' title='bbox 509 4402 658 4490; x_wconf 84' lang='lat' dir='ltr'>proximo</span> <span class='ocrx_word' id='word_1_261' title='bbox 673 4411 729 4463; x_wconf 87' lang='lat' dir='ltr'>tuo</span> <span class='ocrx_word' id='word_1_262' title='bbox 745 4396 865 4462; x_wconf 87' lang='lat' dir='ltr'>meliori</span> <span class='ocrx_word' id='word_1_263' title='bbox 881 4411 922 4463; x_wconf 90' lang='lat' dir='ltr'>te.</span> <span class='ocrx_word' id='word_1_264' title='bbox 970 4401 1069 4463; x_wconf 88' lang='lat' dir='ltr'>Porro</span> <span class='ocrx_word' id='word_1_265' title='bbox 1084 4396 1300 4483; x_wconf 86' lang='lat' dir='ltr'>triumphator</span> <span class='ocrx_word' id='word_1_266' title='bbox 1316 4396 1350 4461; x_wconf 89' lang='lat' dir='ltr'>in</span> <span class='ocrx_word' id='word_1_267' title='bbox 1366 4398 1468 4460; x_wconf 90' lang='lat' dir='ltr'>Israel</span> 
     </span>
    </p>
   </div>
   <div class='ocr_carea' id='block_1_4' title="bbox 0 0 1792 5575">
    <p class='ocr_par' dir='ltr' id='par_1_4' title="bbox 0 0 1792 5575">
     <span class='ocr_line' id='line_1_37' title="bbox 0 0 1792 5575; baseline 0 3"><span class='ocrx_word' id='word_1_268' title='bbox 0 0 1792 5575; x_wconf 95' lang='lat' dir='ltr'> </span> 
     </span>
    </p>
   </div>
  </div>
 </body>
</html>
