3575 5575
345 856 416 903 car.
432 841 491 927 m]¹
710 857 967 904 nosscunrrcns.
1236 843 1304 917 lod

345 1012 526 1092 reprobum,
542 1009 628 1097 quod
639 1009 769 1102 planum
780 1021 827 1074 est
837 1009 885 1074 his
897 1009 952 1096 qui
966 1005 1155 1093 Apostolum
1167 1004 1293 1092 plenius

344 1123 509 1178 noverunt.
533 1119 767 1197 Argumentum
778 1108 1294 1176 tamenadomniavalidissimum

342 1225 400 1294 est,
412 1226 448 1278 ut
458 1215 499 1279 dc
512 1214 574 1278 tide
584 1226 618 1279 et
628 1214 809 1280 sinceritate
821 1212 1019 1299 singulorum
1031 1211 1180 1277 credatur
1190 1209 1295 1297 operi-

341 1315 402 1380 bus
417 1315 490 1383 suis.
535 1316 644 1402 Opera
659 1317 746 1382 enim
761 1339 835 1405 quae
849 1316 926 1380 fecit
934 1315 1060 1404 aliquis,
1075 1313 1294 1380 testimonium

341 1417 512 1502 perhibent
533 1419 638 1484 deco.
685 1419 806 1483 Verum
829 1420 884 1505 qui
907 1419 1044 1504 seipsum
1067 1417 1202 1503 ignorat,
1216 1415 1294 1503 quid

342 1516 463 1581 utiliter
477 1517 584 1583 novit?
608 1519 642 1584 Si
657 1518 782 1603 ignoras
797 1509 971 1606 te‚inquit‚
985 1516 1198 1609 pulcherrima
1211 1516 1296 1581 inter

342 1619 503 1696 mulieres,
525 1620 578 1685 abi
598 1633 670 1710 post
691 1619 825 1704 vestigia
846 1617 1013 1695 sodalium,
1030 1629 1064 1683 et
1083 1629 1154 1704 post
1171 1639 1294 1703 greges.

344 1721 520 1788 Oraculum
544 1721 702 1809 Apollinis
721 1734 781 1801 est,
803 1734 837 1786 et
855 1721 1056 1786 descendisse
1071 1720 1112 1784 de
1131 1719 1213 1785 coelo
1227 1741 1295 1784 cre-

345 1824 441 1902 ditur,
464 1827 546 1913 γνῶθι
568 1825 695 1902 σεαυτὸν,
719 1824 754 1890 id
780 1835 838 1902 est,
868 1824 948 1889 scito
975 1823 1123 1918 teipsum.
1178 1828 1296 1890 Nonne

344 1927 435 1999 scivit
449 1933 509 1999 hoc
524 1933 659 2000 Etbicus
673 1935 793 2016 dicens,

508 2025 704 2051 Μ

449 2071 559 2138 Discite,
573 2077 600 2125 et
611 2090 627 2124 o
638 2073 727 2125 miseri
739 2089 834 2126 causas
847 2075 997 2142 cognoscite
1008 2089 1103 2138 rerum,

451 2157 523 2220 Quid
534 2175 632 2223 sumus,
644 2163 690 2211 aut
701 2159 824 2227 quidnam
835 2160 930 2213 victuri
941 2161 1083 2228 gignimur,
1096 2159 1159 2212 ordo

446 2242 513 2305 Quis
525 2244 611 2306 datur,
624 2248 668 2296 aut
680 2253 759 2296 metae
771 2263 851 2313 quam
863 2247 950 2298 mollis
961 2247 1044 2298 llexue
1056 2250 1083 2298 et
1094 2245 1171 2307 unde,

450 2329 518 2392 Quis
527 2330 618 2382 modus
630 2334 747 2397 argento,
760 2330 823 2399 quid
834 2330 874 2384 fas
886 2337 984 2403 optare,
997 2331 1059 2400 quid
1069 2348 1146 2402 asper

450 2415 526 2468 Utile
537 2433 656 2469 nummus
667 2417 756 2482 hebet,
769 2418 855 2487 pueris
866 2419 983 2487 carisque
993 2418 1141 2489 propinquis
1155 2467 1162 2479 ‚
1241 2405 1246 2415 ¹

452 2500 587 2563 Quantum
600 2502 705 2570 elargiri
717 2503 817 2568 deccat,
830 2523 909 2574 quem
920 2509 948 2558 te
960 2504 1035 2557 Deus
1046 2520 1104 2556 esse

449 2588 544 2654 ,lussit
558 2593 585 2640 et
596 2587 711 2640 humano
723 2606 773 2657 qua
785 2595 859 2661 parte
871 2590 973 2644 locatus
985 2608 1013 2643 ee
1024 2591 1052 2641 in
1063 2608 1100 2642 re.
1202 2660 1206 2667 ι

339 2681 430 2776 ΙΙΗειιε
446 2713 566 2777 etenim
582 2713 812 2800 contemplatio
833 2713 1099 2801 quadripartitum
1113 2714 1197 2800 parit
1215 2714 1299 2779 fruo-

342 2826 427 2891 -tum,
452 2815 621 2879 utilitatem
644 2816 703 2893 sui,
727 2817 890 2882 caritatem
913 2816 1059 2903 proximi,
1079 2828 1299 2904 contemptum

345 2916 468 2994 mundi,
492 2939 633 2981 amorem
657 2917 730 2984 Dei.
777 2923 829 2983 An
855 2932 981 2986 nonest
1003 2921 1097 2986 arbor
1114 2921 1301 3008 bona,quae

348 3031 471 3084 tantam
501 3021 662 3085 fructuum
686 3019 889 3087 dulcedinem
926 3024 1028 3103 affert,
1064 3034 1186 3089 tentem
1208 3023 1301 3089 affert

345 3121 543 3187 utilitatem?
566 3123 662 3189 Certe
691 3145 755 3188 non
778 3124 932 3211 superbit,
962 3126 1018 3213 qui
1048 3148 1163 3213 parvus
1187 3136 1237 3191 est
1264 3125 1300 3191 in

340 3226 444 3290 oculis
465 3227 538 3292 suis.
584 3226 674 3293 Dum
702 3226 836 3316 quisque
864 3252 938 3315 quae
961 3230 1078 3295 adsunt
1098 3230 1150 3294 vel
1171 3230 1299 3308 absunt,

336 3328 565 3415 expetibilium
582 3350 752 3395 numerum
769 3330 898 3416 cogitat,
907 3332 978 3418 quis
989 3333 1030 3396 de
1045 3353 1103 3396 sua
1111 3342 1298 3418 paupertate

337 3453 410 3495 non
426 3429 609 3496 erubescit?
633 3431 666 3497 Si
682 3433 753 3519 quis
774 3455 838 3497 non
853 3436 1036 3519 appetenda
1054 3435 1103 3500 sui
1123 3446 1298 3518 recenseat,

347 3534 377 3597 ci
387 3534 475 3621 jugis
484 3534 618 3599 materia
631 3535 769 3600 modesti
780 3536 897 3602 doloris
908 3549 942 3602 et
951 3537 1139 3603 humilitatis
1150 3540 1297 3605 occurrit.

349 3635 551 3721 Quocunque
571 3657 605 3699 se
626 3646 738 3718 vertat,
752 3637 786 3699 in
808 3639 911 3723 seipso
933 3639 1091 3724 dejicitur,
1113 3640 1168 3727 qui
1184 3640 1298 3725 petita

349 3738 492 3803 Domino
513 3737 694 3819 confortari,
715 3738 838 3803 dicens:
872 3740 1070 3806 Humiliatus
1091 3763 1162 3805 sum
1185 3763 1301 3828 usque·

345 3862 483 3928 quaque,
496 3839 622 3906 vivifica
633 3862 686 3904 me
697 3840 874 3905 secundum
887 3835 1051 3929 eloquium
1061 3854 1165 3908 tunm.
1200 3846 1299 3909 ltem·

347 3966 427 4032 que:
457 3944 537 4029 Ego,
560 3943 675 4032 inquit,
699 3943 733 4007 in
752 3943 879 4028 flagella
901 3956 1038 4036 paratus
1050 3969 1132 4028 sum,
1155 3958 1189 4013 et
1210 3949 1302 4033 dolor¹

347 4066 439 4111 meus
453 4046 485 4111 in
502 4060 674 4133 conspectu
689 4068 762 4113 meo
777 4069 910 4134 semper.
