3575 5575
452 865 462 884 Ι
487 803 551 862 918
736 816 872 861 rennuis
887 811 1167 862 strassenransn
1299 795 1441 878 [n1a.1v.

490 967 557 1043 Qui
579 990 655 1032 vero
679 980 921 1058 eaQusurpan
942 968 1019 1053 jura
1044 965 1205 1053 deprimit,
1228 979 1260 1030 et
1284 967 1441 1032 voluntati

487 1094 555 1135 suae
574 1068 662 1155 leges
682 1069 855 1135 submittit.
900 1071 939 1134 In
962 1091 1035 1133 euro
1055 1091 1132 1152 ergo
1146 1068 1260 1133 merito
1274 1082 1440 1135 armantur

483 1172 573 1258 jura,
587 1171 644 1257 qni
660 1170 746 1257 leges
765 1184 920 1250 exarmat,
934 1185 966 1236 et
989 1169 1118 1256 publica
1140 1183 1280 1255 potestas
1296 1174 1387 1236 saevit
1408 1172 1441 1234 in

489 1296 575 1351 eum,
587 1275 645 1360 qui
657 1296 811 1338 evacuare
820 1273 936 1338 nititur
946 1272 1106 1360 publicam
1120 1293 1259 1336 manum.
1283 1274 1328 1337 Et
1339 1295 1441 1359 quum

488 1376 590 1440 multa
605 1376 667 1442 sint
687 1376 818 1442 crimina
832 1374 1019 1462 majestatis,
1035 1374 1158 1441 nullum
1181 1376 1312 1460 gravius
1329 1388 1377 1440 est
1392 1399 1441 1453 eo,

389 1550 392 1556 ,
488 1478 575 1565 quod
592 1478 742 1544 adversus
756 1481 862 1564 ipsum
878 1500 995 1564 corpus
1005 1477 1142 1564 justitiae
1157 1489 1331 1542 exercetur.
1373 1480 1441 1563 Ty·

487 1581 595 1646 rannis
609 1604 686 1666 ergo
701 1604 762 1645 non
783 1581 879 1645 modo
901 1580 1068 1666 publicum
1092 1583 1221 1660 crimen,
1238 1578 1306 1655 sed,
1322 1577 1348 1642 si
1370 1577 1440 1642 fieri
1471 1622 1478 1652 ,-

487 1697 603 1769 posset,
629 1684 824 1770 plusquam
850 1683 1014 1769 publicum
1040 1695 1099 1746 est.
1149 1681 1182 1745 Si
1211 1681 1295 1746 enirn
1320 1681 1439 1745 crimen
1467 1653 1477 1802 J

488 1787 664 1872 majestatis
674 1810 782 1852 omnes
792 1799 1038 1873 persequutores
1049 1783 1202 1863 admittit,
1210 1798 1332 1870 quanto
1341 1782 1442 1869 magis

488 1887 580 1966 illud,
595 1889 682 1975 quod
698 1889 782 1974 leges
797 1889 925 1974 premit,
941 1911 1015 1975 quae
1030 1887 1108 1975 ipsis
1131 1887 1247 1952 debent
1269 1887 1441 1972 imperato·

488 1990 578 2054 ribus
592 1992 770 2077 imperare?
800 1993 896 2055 Certe
911 1991 1033 2055 hostem
1049 1989 1215 2076 publicum
1232 2012 1324 2053 nemo
1345 1987 1438 2057 ulcis·

488 2091 584 2169 citur,
595 2103 627 2157 et
642 2091 790 2180 quisquis
801 2115 874 2156 eum
890 2116 952 2157 non
968 2092 1182 2178 persequitur,
1192 2091 1224 2155 in
1242 2091 1391 2176 seipsum,
1404 2101 1436 2155 et

490 2191 523 2255 in
539 2204 642 2260 totum
657 2192 842 2280 reipublicae
857 2194 1027 2258 mundanae
1041 2216 1158 2280 corpus
1173 2192 1337 2278 delinquit.

766 2677 909 2742 LIBER
932 2678 1157 2750 QUARTUS.

872 2879 1054 2927 PROLOGUS·

531 3007 653 3069 Annua
672 3004 801 3092 quidem
825 3028 875 3070 res
896 3018 956 3083 est,
971 3005 1128 3092 professio
1148 3004 1303 3083 veritatis,
1318 3018 1349 3071 et
1366 3028 1438 3092 qua

488 3101 720 3169 incursantibus
741 3128 884 3170 errorum
909 3106 1058 3187 tenebris,
1072 3118 1129 3170 aut
1151 3106 1344 3191 negligentia
1365 3129 1438 3192 pro-

488 3203 607 3269 fitentis
632 3205 886 3292 frequentissime
914 3206 1057 3271 vitiatur.
1105 3207 1192 3284 Quid
1218 3207 1302 3271 enim
1328 3230 1439 3272 verum

487 3305 539 3380 sit,
565 3306 638 3391 quis
662 3321 747 3372 recte
772 3312 933 3375 examinat
957 3310 1058 3374 rebus·
1077 3308 1270 3393 incognitis?
1313 3308 1439 3373 Notitia

487 3417 594 3471 autem
609 3430 727 3491 rerum,
741 3433 779 3474 eo
799 3410 888 3495 quod
903 3409 970 3474 vias
990 3432 1052 3474 non
1074 3410 1185 3495 dirigit
1200 3411 1438 3494 contemptoris,

483 3509 621 3596 justitiae
645 3510 771 3576 aculeos
798 3513 967 3577 exacerbat
996 3515 1029 3577 in
1058 3534 1186 3598 poenam
1216 3510 1439 3600 delinquentis.

489 3612 550 3680 Est
566 3635 642 3697 ergo
657 3614 779 3700 primus
790 3614 1038 3702 philosophandi
1051 3613 1179 3699 gradus,
1191 3636 1306 3702 genera
1320 3637 1439 3692 rerum,

489 3714 764 3801 proprietatesque
788 3716 960 3794 discutere,
990 3732 1028 3782 ut
1055 3715 1211 3803 quicquid
1240 3716 1273 3781 in
1307 3715 1441 3802 singulis

488 3838 600 3881 rerum
615 3818 668 3895 sit,
678 3817 854 3903 prudenter
867 3830 1028 3902 agnoscat.
1058 3819 1235 3899 Secundus,
1250 3833 1286 3884 ut
1302 3818 1438 3905 quisque

489 3916 523 3980 id
533 3919 781 4005 veritatis,quod
792 3918 821 3982 ei
829 3917 983 3997 illuxerit,
993 3918 1129 3984 fideliter
1138 3932 1333 4005 assequatur.
1358 3920 1439 3983 Haec

488 4032 596 4085 autem
612 4019 903 4106 philosophantium
921 4033 1032 4098 strata,
1048 4019 1093 4085 illi
1110 4021 1168 4085 soli
1182 4021 1293 4105 pervia
1307 4035 1366 4095 est,
1383 4020 1440 4106 qui

488 4121 529 4185 de
544 4143 643 4207 regno
655 4121 805 4187 vanitatis
817 4119 993 4208 proclamat
1013 4121 1045 4184 in
1063 4120 1252 4199 libertatem,
1266 4142 1332 4205 qua
1345 4120 1438 4185 liberi

436 4260 440 4266 ι
487 4223 583 4304 liunt,
608 4244 689 4309 quos
713 4223 830 4288 veritas
859 4222 1017 4299 liberavit,
1044 4234 1077 4285 et
1103 4219 1232 4307 spiritui
1259 4220 1439 4300 servientes,

463 4357 467 4368 ·
488 4323 569 4388 colla
578 4323 661 4410 jugo
676 4321 854 4409 iniquitatis
867 4337 900 4387 et
916 4320 1081 4408 injustitiae
1097 4320 1333 4387 subduxerunt.
1374 4321 1438 4388 Ubi

437 4311 459 4534 l
488 4427 573 4492 enim
599 4425 731 4512 spiritus
758 4424 830 4505 Dei,
856 4425 902 4489 ibi
928 4424 1079 4500 libertas;
1112 4437 1281 4511 metusque
1309 4423 1441 4503 servilis,
