3575 5575
481 773 501 830 8
740 786 877 831 corruas
892 785 1171 833 sanusnsnrnusrs

480 945 570 1006 Inter
586 936 802 1023 multiloquos,
818 946 851 1001 et
865 936 999 1022 grandia
1013 937 1111 1002 rerba
1125 947 1280 1017 serentes,

525 1039 603 1103 Esto
617 1039 824 1127 tardiloquus,
841 1051 975 1127 estoque
990 1062 1093 1125 pauca
1106 1039 1250 1126 loquens.

482 1143 570 1208 Dum
586 1142 711 1227 linguas
725 1154 845 1207 acuunt
859 1142 924 1220 alii,
940 1142 999 1207 tibi
1013 1142 1129 1207 calleat
1142 1141 1238 1220 suns,

526 1245 570 1309 Et
584 1246 624 1310 sit
640 1245 791 1310 Dulichio
805 1245 927 1330 remige
942 1245 1038 1309 surda
1052 1244 1164 1329 magis.

482 1353 553 1414 Noc
568 1358 693 1413 tantum
708 1347 813 1413 valeat
827 1347 997 1412 temeraria
1010 1347 1121 1432 lingua
1134 1346 1304 1434 loquentis,

527 1449 669 1515 Pectoris
684 1461 721 1513 ut
734 1449 834 1535 possit
848 1470 996 1535 rumpere
1011 1449 1149 1514 claustra
1162 1447 1219 1514 tui.

483 1549 517 1614 Si
532 1550 656 1636 patiens
670 1551 777 1631 fucris,
792 1573 958 1637 nunquam
974 1550 1034 1615 tibi
1047 1550 1145 1615 verba
1159 1550 1334 1626 nocebunt,

524 1654 747 1741 Turbatorque
762 1664 828 1717 tuae
843 1675 940 1719 nemo
954 1654 1071 1740 quietis
1084 1652 1156 1719 erit.

480 1756 631 1821 Excutiet
645 1779 769 1843 pacem,
784 1780 881 1844 quam
896 1757 953 1821 dat
966 1757 1131 1843 patientia,
1148 1756 1254 1822 nullus
1266 1782 1276 1832 ς

525 1857 573 1921 Sit
586 1856 663 1922 licet
677 1856 823 1932 exermis,
840 1857 977 1921 conterit
990 1879 1080 1921 arma
1094 1869 1214 1923 tamen.

482 1962 626 2024 Utantur
639 1960 766 2044 linguis,
782 1969 818 2023 tu
834 1959 954 2023 viribus
968 1970 1059 2024 utere
1074 1961 1204 2041 mentis,

528 2061 563 2125 Si
578 2060 679 2146 sapis:
699 2061 849 2144 alinguis
863 2062 964 2146 gloria
978 2084 1095 2147 magna
1109 2062 1209 2128 venit.

483 2164 569 2233 Nam
585 2185 659 2250 quae
674 2163 714 2227 sit
728 2164 872 2228 doctrina
886 2164 956 2246 viri,
970 2163 1125 2250 patientia
1138 2175 1303 2242 monstrat,

526 2266 719 2353 lmbellique
734 2289 832 2331 manu
847 2267 932 2332 balla
947 2267 1085 2331 nefanda
1099 2268 1227 2353 premit.

484 2368 566 2442 Quis
579 2368 660 2433 feret
675 2380 842 2446 armatam,
859 2391 933 2455 quae
947 2369 1013 2433 sola
1028 2369 1205 2455 triumphat
1218 2367 1361 2449 inermis,

525 2476 759 2558 Armatamque
775 2494 907 2535 manum
924 2472 1050 2536 vincere
1065 2472 1130 2536 sola
1145 2470 1250 2536 solet?

482 2574 542 2637 Vir
556 2574 680 2660 patiens
694 2574 766 2638 forti
781 2574 914 2649 melior3
937 2574 1123 2638 minorasse
1138 2573 1320 2659 triumphus

525 2676 636 2758 Urbis,
651 2699 745 2762 quam
763 2677 881 2741 mentis
894 2676 1021 2754 dicitur,
1037 2689 1150 2763 estque
1165 2676 1279 2743 minor.

484 2780 606 2867 Sperne
621 2787 731 2859 malos,
748 2805 901 2846 venerare
915 2781 1026 2863 bonos,
1041 2780 1169 2866 ignosce
1184 2779 1304 2845 volenti

526 2884 672 2959 Laedere,
688 2884 777 2947 nulla
791 2885 883 2947 bonis
898 2885 977 2948 ultio
992 2897 1083 2965 grata
1096 2884 1207 2967 magis.

483 2983 583 3049 Nulla
597 2984 699 3048 virum
711 2984 826 3046 fortem
841 2984 982 3046 vindicta
995 2984 1098 3065 magis
1111 2985 1205 3047 decet
1218 2985 1293 3066 ista,

526 3087 729 3172 Principibus
744 3107 871 3171 semper
884 3084 983 3148 debet
998 3085 1109 3148 adesse
1124 3084 1208 3149 viris.

484 3194 524 3257 In
540 3210 676 3277 quorum
693 3187 840 3252 manibus
855 3188 908 3251 lex
923 3187 949 3252 si
964 3187 1050 3271 viget
1066 3186 1178 3271 ignea3
1201 3188 1305 3273 punit,

528 3295 615 3359 Dum
632 3292 779 3355 miseret:
804 3291 883 3356 fidos
897 3291 975 3355 dum
992 3290 1080 3378 cupit
1096 3312 1175 3371 esse,
1189 3290 1274 3356 lacit.

484 3403 641 3464 Provocat
655 3394 695 3458 all
711 3392 842 3476 facinus,
857 3395 934 3458 dum
951 3393 1041 3458 saevit
1055 3393 1165 3480 iniqua
1180 3406 1328 3479 potestas,

527 3503 572 3564 Et
586 3498 646 3562 sibi
661 3497 820 3582 subjectos
837 3519 900 3560 nou
916 3496 991 3561 sinit
1005 3519 1073 3561 esse
1090 3496 1166 3582 pios.

484 3605 589 3670 Nemo
604 3601 707 3664 sciens
721 3598 812 3662 illum
827 3599 927 3677 laedit,
943 3621 1038 3685 quem
1055 3599 1156 3663 credit
1170 3599 1329 3675 amicum;

527 3701 656 3788 Regula
670 3701 736 3765 fida
751 3700 863 3767 nimis:
888 3701 1029 3788 quisquis
1044 3702 1211 3778 amandus,
1227 3715 1324 3767 amet.

485 3809 567 3878 Haec
581 3804 747 3870 hominum
765 3804 923 3890 disjuncta
937 3804 1016 3870 solet
1031 3806 1225 3891 conjungere
1241 3805 1348 3887 corda,

529 3911 593 3974 Ista
607 3920 711 3994 potest
726 3908 889 3974 hominem
906 3909 1074 3975 conciliare
1090 3910 1172 3975 Deo.

459 4083 460 4086 Ἴ
484 4016 558 4082 Hac
572 4010 654 4074 duce
669 4032 763 4095 carpe
779 4010 873 4087 viam,
889 4011 1046 4094 gradienti
1061 4034 1157 4075 nemo
1171 4012 1311 4089 nocebit,

527 4114 572 4178 Et
585 4112 702 4199 poteris
716 4123 846 4177 cunctas
860 4125 948 4176 tutus
961 4111 1043 4175 inire
1058 4134 1180 4179 manus.

482 4217 545 4284 Illa
559 4227 666 4279 tamen
682 4215 855 4279 metuenda
869 4236 994 4289 manus,
1010 4235 1085 4299 quae
1100 4225 1217 4277 tractat
1231 4213 1358 4299 iniquas

529 4318 654 4394 Sordes,
672 4338 767 4402 quam
784 4315 948 4382 maculant
963 4337 1028 4378 aera
1042 4314 1147 4378 colore
1162 4336 1228 4379 suo.

484 4420 648 4514 Nonquia
664 4419 825 4505 polluitur,
842 4429 875 4483 et
891 4417 1015 4504 polluit,
1032 4428 1081 4481 est
1096 4415 1247 4500 fugienda
