3575 5575
1234 161 1697 308 '''⁷'*Wffl“l

482 769 543 830 tea
738 784 874 829 roannrs
891 784 1169 830 stanssnurnnsrs
1283 769 1365 849 [tra.
1383 791 1434 836 ur.

480 941 584 1021 gentis
619 947 652 1002 et
685 937 804 999 urentis
838 935 1046 1000 conscientiae
1079 937 1210 1011 stimuli,
1246 939 1435 1004 meticulosa

479 1039 577 1104 corda
591 1039 790 1117 concutiunt,
804 1047 836 1100 et
855 1038 1051 1120 praecipuam
1067 1037 1099 1099 in
1116 1038 1264 1102 omnibus
1280 1039 1343 1102 sibi
1358 1063 1433 1104 ren-

479 1142 589 1206 dicant
599 1140 828 1205 auctoritatem.
860 1139 951 1202 Adeo
963 1137 1104 1222 quidem,
1114 1151 1149 1200 ut
1161 1139 1343 1204 sacerdotes
1351 1143 1432 1223 legis

481 1244 595 1306 divinae
624 1251 789 1326 praecepta
821 1239 1033 1318 dissimulent,
1064 1239 1253 1321 sapientiam
1287 1243 1433 1306 nesciant

480 1344 632 1421 seniores,
640 1341 723 1427 juris
738 1342 779 1404 sit
787 1340 893 1425 judex
913 1341 1055 1422 ignarus,
1070 1340 1220 1422 praelatus
1236 1343 1434 1407 auctoritatis

480 1443 620 1520 nescius,
642 1440 823 1523 disciplinae
850 1441 1024 1524 subjectus,
1046 1441 1226 1505 libertatem
1249 1453 1434 1506 contemnat

478 1544 646 1625 ingenuus,
661 1550 746 1604 totus
768 1538 907 1621 denique
929 1540 1069 1621 populus
1092 1540 1230 1624 quietem
1254 1556 1285 1604 et
1306 1563 1432 1624 pacem.

479 1643 567 1706 Dum
582 1643 668 1706 euim
688 1661 799 1704 omnes
818 1640 915 1702 unius
935 1641 1135 1723 praesidentis
1152 1642 1313 1706 voluntate
1329 1645 1432 1706 ferun-

480 1755 539 1821 tur,
550 1742 689 1807 universi
703 1753 737 1805 et
751 1741 869 1822 singuli
883 1761 942 1804 suo
959 1742 1121 1823 privantur
1135 1743 1277 1806 arbitrio.
1313 1747 1432 1808 Nonne

480 1847 550 1910 baec
566 1855 634 1909 erat
647 1844 747 1906 facies
762 1844 924 1925 temporis,
941 1842 1072 1926 quando

759 1957 856 2010 Sedere
869 1963 954 2028 patres
966 1975 1071 2010 censere
1083 1960 1176 2031 parati,

586 2045 615 2096 Si
627 2061 744 2111 reguum,
755 2044 778 2094 si
789 2042 888 2113 templa
899 2048 981 2114 petat,
990 2043 1163 2116 jugulumque
1176 2051 1290 2111 senatus,

585 2127 762 2195 Passurasque
772 2125 879 2178 infanda
889 2144 982 2179 nurus:

480 2255 583 2318 eoque
598 2235 667 2297 solo
682 2234 764 2295 bene
787 2253 861 2295 cum
877 2233 1001 2296 civibus
1016 2244 1122 2297 actum
1147 2243 1206 2309 est,
1222 2233 1310 2316 quod
1326 2233 1434 2296 Caesar

479 2338 573 2421 plura
587 2337 702 2420 jubere
722 2334 859 2412 erubuit,
874 2357 970 2418 quam
991 2336 1097 2398 Roma
1115 2334 1207 2420 pati?
1246 2338 1363 2398 Nonne
1384 2346 1433 2418 ty-

479 2439 572 2501 ranni
591 2437 712 2521 opinio,
728 2435 769 2498 ad
790 2436 966 2519 tyrannidis
985 2437 1110 2500 transiit
1130 2458 1340 2514 successores,
1356 2437 1433 2501 dum

480 2534 784 2621 suspicantur,quod
793 2537 953 2614 legesase
961 2537 1072 2600 maluit
1081 2538 1161 2615 tolli,
1172 2559 1266 2621 quam
1277 2539 1317 2599 ab
1327 2538 1432 2600 humi·

480 2640 567 2703 libus
587 2637 771 2702 observari?
800 2637 834 2698 iu
850 2658 954 2720 eoque
976 2638 1134 2702 libertatis
1150 2651 1290 2702 servatur
1312 2640 1434 2717 umbra,

480 2741 507 2806 si
522 2763 557 2805 se
572 2741 708 2828 quisque
722 2738 809 2823 quod
829 2740 1013 2831 praecipitur
1034 2741 1160 2805 simulat
1175 2741 1324 2818 voluisse,
1340 2740 1431 2805 lacit-

480 2867 554 2930 que,
571 2846 635 2907 imo
651 2843 775 2906 videtur
789 2842 903 2920 facere,
919 2843 959 2905 de
976 2844 1165 2907 necessitate
1182 2845 1339 2918 virtutem,
1356 2842 1432 2906 dum

480 2943 664 3007 necessitati
683 2942 792 3025 jungit
812 2943 1016 3016 consensum,
1033 2954 1065 3005 et
1084 2944 1172 3026 qnod
1193 2942 1351 3006 incumbit
1365 2964 1434 3025 gra·

478 3055 583 3109 tauter
610 3044 822 3126 amplectitur.
874 3044 940 3106 Hic
970 3065 1065 3127 porro
1095 3046 1191 3107 nullae
1222 3056 1297 3108 sunt
1325 3056 1432 3128 partes

480 3168 571 3221 verae,
586 3155 641 3208 aut
660 3144 809 3224 ingenuae
830 3144 996 3223 libertatis,
1013 3145 1067 3207 ubi
1088 3156 1190 3209 totum
1211 3146 1271 3208 sibi
1293 3145 1433 3209 adulatio

440 3299 442 3303 .
480 3246 638 3324 vendicat,
653 3245 774 3309 vanitas
797 3256 909 3321 toturn,
930 3246 1075 3329 nihilque
1091 3246 1215 3310 veritati
1236 3246 1433 3329 relinquitur,

480 3357 538 3410 aut
562 3346 678 3410 virtuti.
722 3345 952 3410 Adulatiouem
977 3368 1050 3411 vero
1077 3348 1146 3411 siue
1170 3347 1246 3411 dolo
1271 3368 1340 3410 esse
1367 3368 1432 3408 non

479 3447 617 3525 dubites,
627 3468 728 3530 quum
738 3448 771 3509 in
784 3447 981 3511 adulatorum
997 3470 1134 3532 persona
1145 3448 1185 3512 de
1196 3470 1229 3512 se
1239 3448 1431 3511 confiteatur

479 3549 597 3626 Gnato,
620 3548 696 3631 quia
716 3567 815 3631 quum
842 3550 983 3613 maxime
1007 3550 1135 3633 decipio
1158 3558 1234 3613 tuuc
1256 3549 1429 3633 triumphu.

479 3650 570 3714 Sicut
598 3649 684 3713 enim
715 3648 787 3712 finis
816 3650 950 3713 oratoris
980 3662 1028 3714 est
1053 3652 1249 3734 persuasisse
1277 3652 1430 3723 dictione,

478 3752 596 3815 medici
611 3772 737 3815 curasse
754 3750 934 3828 mediciua;
957 3752 1003 3815 sic
1019 3752 1192 3817 adulatoris
1208 3754 1283 3816 finis
1297 3763 1345 3815 est
1359 3771 1430 3814 sua-

479 3854 620 3937 viloquio
635 3852 810 3937 decepisse.
856 3853 940 3915 Nam
957 3864 989 3917 et

583 3966 687 4021 Fistula
698 3967 771 4020 dulce
783 3968 861 4030 canit,
873 3965 1003 4019 volucrem
1015 3968 1076 4020 dum
1088 3968 1184 4037 decipit
1196 3983 1306 4039 auceps:

478 4066 524 4129 Et
546 4085 668 4127 venena
689 4066 897 4147 propinantur
919 4067 1014 4128 melle
1037 4064 1224 4140 circumlita,
1249 4084 1312 4146 quo
1336 4062 1430 4127 citius

479 4173 626 4230 noceant.
670 4155 789 4227 Verum
957 4235 959 4239 ‚

584 4270 647 4323 Non
658 4270 737 4323 estin
748 4271 848 4323 medico
862 4289 965 4345 semper
976 4271 1107 4324 relevetur
1118 4277 1148 4325 ut
1159 4290 1238 4341 aeger,

476 4381 508 4437 et
527 4371 624 4434 finem
648 4388 740 4430 suurn
762 4368 818 4449 qui
839 4368 873 4430 in
896 4371 994 4433 altero
1014 4380 1073 4447 est,
1088 4380 1192 4433 orator
1213 4392 1289 4442 non¹
1302 4391 1427 4454 semper
