3575 5575
513 803 578 861 ·270
761 815 896 861 Jornms
913 815 1190 862 sannannnmusn
1343 801 1422 879 [nin.
1439 821 1468 863 v.

514 976 602 1030 tanta
617 965 908 1054 multiplicitatem,
924 979 1047 1052 quanta
1061 968 1127 1030 fere
1148 979 1195 1031 eat
1215 967 1383 1034 diversitas
1398 989 1468 1055 per·

514 1087 672 1132 mnarum.
718 1068 851 1133 Publica
867 1067 995 1154 quidem
1011 1068 1116 1132 omnia
1132 1068 1316 1133 referuntur
1331 1069 1373 1136 ad
1388 1070 1469 1135 duas

514 1171 644 1257 species,
654 1181 711 1234 aut
722 1170 806 1237 enim
818 1191 837 1233 a
849 1170 970 1247 divino,
983 1180 1039 1234 aut
1050 1170 1092 1234 ab
1103 1169 1243 1234 humano
1254 1172 1329 1256 jure
1341 1170 1468 1236 descen-

514 1270 607 1335 dunt.
644 1273 727 1334 Haec
746 1283 853 1336 autem
870 1291 910 1334 ex
927 1270 1017 1336 libris
1034 1269 1207 1336 officiorum
1226 1271 1324 1336 latius
1345 1286 1469 1357 patent,

513 1372 571 1439 sed
595 1373 755 1459 pertinent
781 1372 822 1436 ad
852 1386 1042 1458 praesentem
1067 1375 1250 1449 articulum,
1273 1387 1309 1439 ut
1333 1375 1468 1459 publicis

513 1473 622 1538 officiis
637 1474 813 1537 reverentia
831 1472 1046 1559 impendatur.
1093 1474 1201 1538 Tanta
1218 1496 1357 1561 namque
1372 1474 1468 1540 debe-

513 1588 568 1640 tur
588 1575 644 1651 eis,
661 1587 781 1661 quanta
802 1586 850 1639 est
870 1574 1040 1639 eminentia
1062 1575 1234 1659 cujuslibet
1253 1576 1466 1661 magistratus.

513 1678 607 1741 Hanc
634 1676 764 1763 quidem
789 1689 846 1741 aut
871 1677 959 1754 facit,
985 1688 1041 1740 aut
1067 1675 1187 1740 indicat
1214 1677 1466 1764 uniuscujusque

512 1792 694 1865 competens
701 1777 895 1864 jurisdictio,
909 1800 1006 1863 quum
1021 1779 1197 1843 reverentia
1209 1782 1466 1865 magistratuum,

511 1892 568 1944 aut
598 1893 799 1967 contemptus
827 1879 986 1943 redundet
1016 1879 1047 1942 in
1077 1879 1239 1960 honorem,
1269 1893 1325 1945 aut
1356 1895 1466 1946 contu-

511 1982 636 2046 meliam
658 1983 884 2068 subjectorum.
923 1980 1021 2044 Unde
1037 1983 1070 2043 in
1085 1982 1366 2048 constitutionibus
1380 1983 1466 2068 prin-

509 2085 629 2170 cipum,
641 2097 674 2150 et
687 2085 933 2168 magistratuum
946 2083 1069 2160 edictis,
1079 2095 1135 2148 aut
1146 2085 1466 2170 promulgationibus,

509 2207 566 2273 per
589 2186 758 2272 prolepsim
782 2184 923 2272 plurium
947 2186 983 2249 fit
1007 2186 1171 2271 conceptio
1191 2208 1409 2273 personarum,
1428 2199 1465 2251 ut

510 2308 573 2354 non
595 2302 661 2354 tam
680 2307 835 2375 persona,
852 2309 949 2373 qnam
965 2285 1180 2352 universitatis
1195 2301 1263 2353 tota
1278 2288 1465 2354 constitutio

509 2391 657 2456 videatur
684 2413 762 2469 esse,
792 2391 842 2454 vel
872 2389 996 2475 quavis
1025 2389 1087 2455 alia
1116 2389 1340 2475 promulgatio.
1393 2389 1464 2454 Hoc

508 2494 603 2558 etiam
620 2495 706 2577 jura,
722 2497 771 2556 vel
792 2513 926 2556 canones
948 2492 1119 2579 ignoranti,
1135 2517 1175 2556 ex
1199 2515 1258 2556 usu
1280 2493 1465 2578 quotidiano

509 2595 713 2682 perspicuum
729 2606 788 2660 est.
821 2596 923 2658 Porro
934 2596 1086 2659 rationem
1098 2595 1284 2672 officiorum,
1295 2615 1357 2659 non
1370 2596 1464 2659 modo

507 2717 665 2764 canonum
686 2710 718 2762 et
741 2697 848 2782 legum
872 2697 961 2774 scita,
985 2697 1039 2762 sed
1062 2709 1095 2762 et
1121 2698 1298 2762 ethicorum
1322 2697 1462 2762 omnium

508 2812 670 2885 praecepta
680 2813 892 2885 exequuntur.
925 2801 1001 2863 Mos
1015 2810 1121 2864 autem
1134 2810 1181 2864 est
1197 2801 1312 2865 mentis
1323 2800 1464 2878 habitus,

508 2922 550 2964 ex
573 2921 637 2985 quo
658 2901 854 2985 singulorum
877 2921 1011 2987 operum
1034 2902 1204 2967 assiduitas
1226 2914 1344 2966 manat.
1389 2903 1462 2965 Non

509 2998 592 3064 enim
615 2998 742 3085 siquid
765 3001 802 3064 fit
825 3000 920 3063 semel
943 3012 998 3065 ant
1022 3000 1169 3087 amplius,
1193 3003 1299 3065 statim
1323 3002 1463 3066 moribus

508 3115 713 3187 aggregatur,
751 3102 810 3166 nisi
852 3101 1042 3167 assiduitate
1081 3101 1215 3168 faciendi
1253 3116 1396 3168 vertatur
1430 3106 1462 3167 in

508 3223 611 3269 usum.
658 3205 722 3269 Hic
746 3216 854 3269 autem
877 3204 1013 3271 virtutes
1035 3218 1067 3271 et
1090 3204 1169 3271 vitio
1195 3226 1287 3289 aeque
1309 3206 1464 3291 complec-

506 3306 599 3383 titur,
629 3304 702 3368 licet
731 3304 810 3370 vitia
839 3327 901 3369 non
932 3326 1035 3371 mores
1064 3328 1142 3382 esse,
1167 3306 1223 3370 sed
1254 3326 1273 3367 a
1301 3305 1464 3392 plerisque

507 3402 655 3468 dicautur
669 3407 811 3470 moribus
825 3407 965 3470 obviare.
1012 3410 1049 3471 ln
1066 3428 1133 3492 quo
1153 3405 1282 3490 planum
1305 3417 1365 3483 est,
1382 3406 1464 3471 solas

507 3504 643 3571 virtutes
659 3508 778 3570 censeri
798 3508 926 3571 nomine
947 3530 1081 3585 morum,
1102 3528 1202 3594 quum
1226 3507 1326 3573 bonos
1346 3517 1463 3587 tamen,

505 3617 563 3671 aut
584 3608 684 3673 malos
705 3608 842 3672 dicimus
866 3630 979 3687 mores,
996 3611 1075 3675 vitia
1097 3608 1324 3695 distinguimus
1347 3624 1378 3675 et
1402 3611 1463 3674 vir-

505 3719 599 3773 tutes.
630 3711 727 3776 Unde
741 3721 881 3775 moratos
897 3732 916 3773 a
930 3710 1026 3787 bono,
1039 3711 1105 3775 sive
1122 3713 1307 3794 morigeros,
1321 3730 1459 3773 morosos

504 3830 580 3874 vero
595 3834 614 3874 a
629 3812 715 3878 vitiis
730 3814 942 3878 nominamus.
973 3812 1067 3889 Quod
1083 3824 1116 3876 et
1130 3815 1236 3896 ipsum
1252 3810 1462 3897 plenitudinis

504 3932 617 3976 nomen
631 3916 758 3981 videtur
772 3920 916 3995 innuere,
928 3936 1029 4001 quum
1046 3914 1125 3978 nulli
1142 3914 1173 3976 in
1190 3934 1283 3976 carne
1298 3913 1459 3998 contingat

504 4011 614 4075 adesse
628 4017 803 4082 satietatem
824 4040 962 4094 morum,
977 4028 1010 4080 et
1031 4016 1140 4079 multis
1161 4014 1243 4079 adsit
1261 4014 1463 4101 superfluitas

504 4110 665 4177 vitiorum.
710 4120 821 4189 Quum
838 4119 949 4205 itaque
965 4140 984 4181 a
999 4117 1141 4181 moribus
1156 4118 1229 4203 quis
1251 4116 1459 4183 reverentiam

503 4215 689 4280 contrahere
703 4217 833 4295 dicitur,
848 4220 876 4282 ei
898 4224 1035 4285 virtutes
1056 4219 1176 4305 quibus
1193 4219 1294 4283 honor
1309 4217 1462 4282 exhiben-

501 4316 565 4382 dus
579 4332 638 4395 est,
654 4319 753 4385 inesse
768 4322 975 4405 significatur.
1006 4322 1088 4397 Quis
1101 4322 1183 4385 enim
1202 4343 1263 4384 non
1281 4331 1462 4396 veneretur,

501 4431 533 4483 et
554 4433 701 4489 vereatur
720 4423 822 4500 illum,
846 4446 940 4510 quem
965 4423 1168 4509 prudentem,
1190 4424 1318 4499 fortem,
1341 4436 1463 4507 tempe-
