3575 5575
323 799 473 880 canuc]
668 816 921 864 rourcnsrrcus.
1208 806 1271 866 258

324 966 432 1032 orbis?
459 968 599 1034 Divitias
613 992 675 1033 non
691 969 856 1046 babemus,
873 990 1010 1054 quarum
1026 968 1201 1055 cupiditate
1216 993 1274 1036 nos

325 1068 441 1134 debeas
454 1093 650 1157 expugnare,
665 1071 806 1135 omnium
830 1070 915 1135 bona
932 1071 1081 1134 omnibus
1095 1072 1275 1137 communia

325 1183 407 1236 sunt.
452 1173 536 1236 Esca
559 1187 607 1238 est
630 1172 722 1237 nobis
747 1195 806 1259 pro
832 1170 966 1247 divitiis,
992 1193 1051 1258 pro
1077 1172 1218 1238 cultibus
1243 1187 1275 1239 et

325 1293 415 1350 auro,
430 1272 502 1339 vilis
515 1292 548 1340 et
563 1297 635 1339 rara
649 1275 756 1340 vestis.
800 1273 944 1338 Feminae
958 1286 1065 1339 autem
1080 1288 1198 1339 nostrae
1212 1297 1275 1340 uon

325 1387 492 1452 ornantur,
506 1389 545 1441 ut
562 1376 729 1462 placeant;
752 1397 848 1463 quem
867 1374 999 1459 quidem
1020 1388 1276 1442 ornamentorum

326 1472 461 1550 cultum,
476 1475 585 1559 potius
598 1474 686 1539 oneri
701 1476 870 1561 deputant,
881 1495 979 1558 quam
991 1473 1107 1542 decori.
1147 1477 1276 1541 Etenim
1362 1499 1365 1508 ·

327 1573 471 1640 nesciunt
504 1578 537 1640 in
567 1575 714 1661 augenda
743 1575 987 1662 pulchritudine
1016 1575 1090 1660 plus
1119 1576 1277 1653 affectare,

328 1697 426 1760 quarn
443 1676 531 1762 quod
553 1688 637 1740 natae
658 1689 739 1742 aunt
783 1680 886 1740 Antra
906 1674 996 1739 uobis
1009 1674 1169 1760 duplicem
1186 1699 1278 1741 usum

328 1789 495 1861 praestant,
509 1790 729 1864 tegumentum
748 1778 782 1841 in
805 1777 880 1857 vita,
895 1778 927 1840 in
950 1788 1052 1840 morte
1071 1776 1279 1864 sepulturam.

330 1877 453 1962 Regem
469 1879 634 1959 habemus,
646 1901 709 1944 nou
733 1900 792 1965 pro
810 1877 952 1965 justitia,
967 1877 1022 1941 sed
1044 1899 1103 1962 pro
1116 1878 1280 1946 nobilitate

330 1981 555 2049 conservanda.
599 1984 702 2060 Quem
727 1980 809 2044 enirn
836 1984 942 2045 locum
968 1978 1096 2044 haberet
1127 1981 1281 2060 vindicta,

332 2079 388 2145 ubi
405 2082 493 2147 nulla
507 2083 544 2148 lit
558 2083 739 2169 injustitia?
773 2082 836 2148 His
851 2081 956 2146 verbis
970 2091 1075 2146 motus
1091 2082 1281 2161 Alexander,

331 2180 452 2246 nullam
474 2196 564 2249 ratus
586 2183 760 2260 victoriam,
783 2182 810 2246 si
832 2203 941 2248 eorum
963 2203 1072 2267 pacem
1094 2197 1281 2268 perpetuam

333 2282 491 2360 turbaret,
507 2286 539 2349 in
554 2285 663 2372 quiete
685 2307 744 2349 sua
758 2283 888 2349 dimisit.
934 2284 980 2347 Et
995 2283 1076 2348 forte
1091 2283 1117 2347 si
1132 2306 1185 2349 eos
1200 2284 1284 2350 bello

334 2381 449 2449 fuisset
463 2408 644 2472 aggressus,
658 2385 787 2449 minime
802 2383 1019 2471 praevaluisset
1034 2383 1187 2450 adversus
1196 2389 1285 2450 inno·

334 2498 451 2568 centes,
472 2512 510 2553 eo
531 2488 619 2574 quod
641 2487 821 2552 innocentia
843 2509 906 2550 non
933 2485 1024 2550 facile
1050 2499 1230 2573 superatur,
1253 2500 1285 2552 et

336 2589 455 2656 veritas
477 2590 542 2656 suis
562 2591 682 2656 viribus
701 2601 861 2664 constans,
881 2588 922 2652 de
942 2588 1057 2653 militia
1079 2589 1286 2674 quantumvis

337 2703 460 2756 armata
482 2692 670 2777 triumphat.
714 2691 778 2757 Sed
800 2688 877 2774 quia
899 2686 980 2751 nihil
1002 2698 1050 2750 est
1075 2686 1163 2773 quod
1185 2689 1287 2774 magis

339 2787 519 2858 desiderent
540 2793 693 2870 homines,
716 2814 812 2879 quam
834 2801 872 2854 ut
893 2789 927 2853 in
952 2787 1044 2853 bonis
1065 2787 1129 2853 suis
1150 2787 1287 2857 babeant

340 2891 422 2957 tilios
436 2915 641 2967 successores,
656 2907 694 2960 ut
708 2896 764 2981 qui
782 2890 943 2978 propriam
958 2913 998 2954 ex
1013 2889 1194 2956 conditione
1208 2914 1289 2979 praea

340 2993 452 3060 vident
471 3008 617 3073 mortem,
638 2997 670 3060 iu
693 2994 869 3082 propagine
887 2994 991 3057 caruis
1011 3016 1077 3059 suae
1099 3007 1288 3081 perpetuent

340 3092 449 3161 vitam.
495 3099 567 3161 Hoc
586 3095 785 3182 principibus
803 3107 852 3159 est
873 3093 1076 3180 promissum,
1098 3093 1182 3158 unde
1200 3117 1290 3159 max·

341 3193 402 3263 ime
423 3211 557 3284 possunt
578 3198 619 3262 ad
640 3198 762 3264 cultum
778 3195 917 3284 justitiae
938 3195 1078 3261 invitari.
1123 3195 1290 3281 Contingit

340 3298 423 3362 enim
439 3323 492 3367 eos
507 3300 564 3388 qui
579 3301 620 3365 de
634 3324 667 3365 se
682 3300 759 3386 ipsis
774 3298 875 3364 securi
896 3308 981 3378 sunt,
996 3295 1036 3360 de
1052 3308 1137 3361 statu
1152 3296 1290 3361 filiorum

336 3400 461 3487 jugiter
489 3426 556 3468 esse
581 3402 742 3468 sollicitos.
794 3402 835 3464 In
862 3422 965 3486 eoque
990 3398 1123 3464 nimium
1150 3400 1292 3465 caritatis

343 3501 423 3566 ordo
447 3516 601 3580 servatur,
617 3504 875 3591 quodamorem,
896 3500 953 3587 qui
973 3500 1085 3588 patriae
1106 3503 1293 3587 parentibus

346 3601 509 3687 praecipue
530 3604 719 3681 debebatur,
734 3619 826 3691 pater
840 3603 1035 3669 transfundit
1056 3602 1087 3665 in
1109 3602 1201 3677 filios,
1217 3602 1294 3667 dum

346 3701 451 3767 filialis
466 3702 598 3768 affectus
612 3705 735 3790 paterni
750 3708 887 3791 pectoris
902 3703 1011 3767 cellam
1029 3702 1115 3765 solus
1134 3702 1293 3766 exhaurit.

348 3803 518 3891 Condigna
543 3827 672 3891 quoque
698 3804 765 3867 vice
794 3801 986 3889 respondent
1016 3801 1202 3887 parentibus
1227 3802 1297 3883 tilii,

346 3907 484 3974 eundem
500 3908 566 3973 suis
587 3906 805 3994 impartientes
824 3904 984 3976 affectum,
1000 3925 1065 3988 quo
1079 3924 1098 3965 a
1112 3905 1297 3987 parentibus

348 4009 470 4098 accepti
491 4023 577 4093 sunt,
592 4008 664 4075 licet
684 4005 782 4073 alium
797 4005 939 4072 ordinem
956 4004 1065 4089 exigat
1082 4003 1197 4070 caritas
1211 4006 1298 4072 ordi·

350 4126 435 4191 nata,
448 4135 542 4199 quem
554 4125 720 4199 poetarum
735 4106 937 4174 doctissimus
948 4104 1122 4192 prudenter
1133 4108 1297 4193 expressit.

352 4217 464 4281 Senem
479 4238 617 4302 namque
632 4212 794 4279 Anchisen
810 4232 918 4276 eversa
932 4208 1030 4294 Troja
1044 4208 1076 4271 in
1092 4208 1232 4274 humeris
1253 4209 1298 4296 pii

353 4318 411 4385 lilii
421 4318 596 4397 collocarit,
608 4318 750 4405 parentis
762 4317 875 4381 AEneoe
889 4312 1034 4378 dextram
1051 4311 1140 4377 dedit
1155 4313 1300 4393 Ascanio,

351 4434 384 4487 et
405 4423 520 4487 marito
541 4424 656 4506 conjux
672 4424 794 4486 Creusa
812 4413 954 4494 cohaesit,
969 4413 1217 4480 antecedentium
1241 4437 1301 4499 pro
