3575 5575
508 1245 702 1316 JOANNIS
725 1236 1117 1313 SARESBERIENSIS

431 1395 1206 1517 Pouncuunrcus

788 1638 845 1672 smr

359 1792 404 1841 DE
422 1792 523 1843 NUGIS
540 1782 727 1840 CURIALIUM
744 1788 785 1838 ET
801 1782 963 1836 VESTIGIIS
980 1772 1270 1834 Pffluosopuonutt

399 2152 553 2208 INCIPIT
573 2148 828 2205 ENTHETICUS
847 2146 891 2201 IN
911 2143 1238 2200 POLYCRATIGUM„

635 2309 748 2381 Auctor
761 2318 804 2380 nd
816 2340 888 2401 opus
901 2338 997 2379 sunm.

344 2452 381 2515 Sr
398 2448 476 2513 mihi
491 2448 674 2532 credideris,
688 2450 831 2534 linguam
848 2448 1022 2524 cohibebis,
1038 2458 1072 2511 et
1086 2440 1169 2512 eulae

387 2551 516 2617 Limina
530 2573 593 2616 non
610 2551 709 2616 intret
723 2575 779 2637 pes
793 2564 885 2617 tuus:
909 2564 976 2617 esto
990 2551 1089 2616 dorni.

343 2656 502 2739 Aspectus
516 2651 684 2716 hominum
700 2664 811 2717 cautus
826 2653 928 2716 vitare
944 2661 1117 2726 memento,

387 2754 431 2818 Et
445 2752 504 2817 tibi
520 2752 703 2816 commissas
718 2752 831 2816 claude
846 2750 955 2814 libelle
971 2762 1071 2814 notes.

344 2854 465 2920 Omnia
479 2850 543 2916 sint
557 2861 703 2935 suspecta
718 2850 788 2926 tibi,
805 2849 881 2936 quin
896 2849 1043 2935 publicus
1057 2848 1155 2914 hostis

386 2956 430 3019 Et
444 2952 620 3039 majestatis
634 2952 750 3018 diceris
765 2975 833 3018 csse
849 2975 931 3019 reus.

341 3057 429 3143 Ignis
443 3056 538 3138 edax,
552 3054 741 3141 gladiusque
756 3055 845 3120 ferox
860 3054 919 3119 tibi
934 3054 1014 3118 forte
1030 3064 1197 3139 parentur:

386 3163 455 3224 Aut
470 3170 502 3224 te
517 3158 640 3244 polluta
654 3159 787 3222 subruet
801 3157 900 3222 hostis
915 3179 1009 3243 equa.

345 3264 456 3341 Quum
473 3273 582 3326 tamen
598 3260 722 3337 exieris,
738 3259 853 3324 faciem
867 3258 988 3324 velabit
1001 3256 1146 3333 amictus,

388 3363 645 3449 Deformentque
661 3374 749 3426 tuem
766 3361 869 3447 pulvis
884 3372 919 3425 et
932 3383 1010 3425 aura
1024 3371 1143 3436 cutem,

344 3467 468 3531 Dextra
483 3466 565 3530 serat
579 3465 711 3549 virgam,
728 3475 853 3550 premet
867 3473 902 3528 et
915 3486 973 3528 sus
987 3464 1127 3528 mantice
1141 3461 1288 3527 dorsum:

386 3568 480 3633 Trita
493 3579 604 3654 tegent
619 3566 756 3631 frontem
773 3567 867 3652 pilea,
883 3588 961 3652 pero
976 3566 1102 3651 pedem.

346 3670 395 3735 Sit
408 3670 525 3754 gradus
541 3680 575 3734 et
589 3668 703 3746 cultus,
719 3667 847 3733 habitus
861 3669 1047 3754 peregrinus
1061 3668 1162 3743 eunti,

387 3772 463 3836 Non
478 3770 538 3836 nisi
553 3770 732 3834 barbariem
749 3770 884 3835 barbare
899 3770 1009 3853 lingua
1022 3778 1122 3832 sonet.

345 3875 398 3938 De
416 3874 618 3941 Pictavorum
633 3871 720 3936 dices
735 3884 767 3936 te
781 3882 878 3956 gente
893 3881 1047 3948 creatum,

389 3977 475 4042 Num
492 3976 567 4040 licet
580 3974 629 4039 his
643 3974 753 4059 lingua
767 3975 915 4040 liberiore
930 3973 1028 4060 loqui.

347 4078 552 4165 Hospitiique
568 4077 664 4141 fidem
679 4099 804 4164 quoeres
819 4076 1045 4162 superomnia,
1062 4098 1127 4162 quo
1141 4073 1182 4142 sis

389 4182 494 4247 Tutus
509 4180 550 4245 ab
564 4179 697 4258 insidiis,
713 4204 793 4268 ques
808 4181 866 4245 tibi
881 4181 1016 4267 quisque
1031 4191 1130 4265 peret.

348 4280 479 4362 Stultos,
493 4279 666 4366 prudentes
680 4281 827 4360 nimium,
841 4303 1018 4368 parvosque
1033 4282 1170 4364 cavebis,
1231 4289 1235 4294 ’

391 4380 436 4444 Et
449 4401 529 4466 quos
543 4380 683 4464 iusignes
697 4381 825 4466 garrula
838 4382 949 4466 lingue
962 4381 1047 4446 lacit.

389 4503 460 4549 vot.
479 4503 529 4547 111.
810 4505 831 4548 Β
