3575 5575
506 809 569 866 302
760 818 898 864 rorums
914 815 1191 862 snausannmnsrs
1326 796 1409 869 [ma.
1424 810 1455 852 v.

505 981 628 1035 constet
650 993 718 1034 esse
744 969 906 1034 obnoxia?
945 967 1018 1029 Non
1047 984 1140 1050 opus,
1163 982 1225 1026 non
1249 984 1362 1039 sermo,
1383 982 1456 1044 gra-

507 1072 610 1137 tuitus
631 1081 691 1150 est,
713 1093 775 1135 non
800 1080 924 1134 tacetur
946 1068 1006 1131 nisi
1029 1069 1070 1130 ad
1093 1064 1243 1151 pretium.
1289 1059 1456 1128 Silentium

506 1195 646 1259 namque
669 1196 719 1237 res
742 1171 862 1236 venalis
887 1183 946 1234 est.
992 1171 1065 1232 Hoc
1088 1169 1171 1231 forte
1197 1189 1217 1232 a
1242 1163 1457 1229 Demosthene

506 1266 1457 1361 acceperunt,quiquumAristodcmumactoremfabularum

507 1377 741 1461 interrogasset,
754 1387 912 1461 quantum
929 1371 1081 1437 mercedis
1097 1375 1146 1435 uti
1158 1383 1266 1455 ageret
1278 1370 1459 1451 accepisset,

506 1490 539 1542 et
555 1477 801 1563 responderetur
820 1478 849 1539 ei
865 1475 1038 1539 talentum:
1064 1477 1107 1537 At
1126 1495 1197 1558 ego,
1214 1471 1321 1557 inquit
1342 1472 1458 1532 Demo-

508 1577 644 1654 sthenes,
668 1577 742 1662 plus
765 1576 871 1661 accepi
900 1587 935 1640 ut
960 1590 1105 1639 tacerem.
1151 1571 1391 1639 causidicorum
1419 1567 1459 1630 si-

509 1677 640 1764 quidem
662 1689 710 1742 est
730 1676 839 1761 lingna
859 1674 1038 1755 damnifica,
1053 1674 1113 1738 nisi
1133 1697 1214 1750 eam,
1230 1687 1267 1737 ut
1290 1671 1353 1735 dici
1369 1669 1460 1745 solet,

509 1779 643 1844 funibus
665 1779 823 1863 argenteis
843 1777 969 1841 vincias.
1016 1780 1084 1840 Nec
1108 1799 1208 1839 unum
1230 1773 1292 1837 nisi
1307 1773 1390 1835 forte
1404 1793 1459 1856 po·

510 1879 707 1944 tentissimus
727 1879 778 1957 sit,
793 1879 917 1964 prolicit
939 1878 1111 1965 illaqueare
1127 1875 1323 1946 muneribus,
1338 1875 1413 1958 quia
1428 1875 1460 1937 in

510 2005 577 2069 quo
606 1984 702 2045 unius
731 1981 790 2044 tibi
821 1980 1011 2045 conciliatur
1040 1980 1153 2064 gratia,
1181 1977 1315 2042 aliorum
1343 1974 1463 2039 invidia

511 2082 699 2146 concitatur.
759 2080 827 2146 Sibi
866 2103 1004 2167 namque
1034 2093 1227 2167 praereptum
1256 2079 1464 2150 arbitrantur,

513 2182 599 2269 quod
616 2181 685 2245 aliis
695 2194 856 2265 erogatur.
897 2185 969 2245 Hoc
981 2197 1086 2247 autem
1103 2206 1122 2244 a
1138 2180 1284 2244 maximis
1295 2180 1464 2264 pertransit

512 2283 552 2347 ad
568 2282 726 2361 minimos,
739 2281 797 2367 qui
819 2281 879 2345 nisi
902 2283 1103 2348 mulceantur
1122 2281 1294 2367 obsequiis,
1312 2292 1343 2344 et
1363 2278 1463 2342 refici-

513 2381 821 2459 anturmuneribus,
836 2382 895 2446 sibi
911 2383 979 2446 fieri
994 2384 1144 2468 injuriam
1160 2384 1371 2467 suspicantur.

619 2491 740 2543 Maxima
752 2507 861 2559 quaeque
874 2491 965 2544 domus
978 2494 1059 2544 servis
1073 2497 1113 2544 ast
1123 2490 1201 2562 plena
1213 2489 1338 2561 superbis,

512 2598 545 2650 et
575 2586 684 2650 eadem
714 2586 840 2671 cupidis
870 2587 965 2672 plena
994 2601 1041 2651 est
1066 2604 1099 2650 et
1125 2586 1237 2650 avaris.
1283 2583 1335 2649 Illi
1359 2594 1463 2645 tamen

513 2686 719 2774 perniciosius
734 2699 847 2751 nocent
862 2686 946 2750 inter
961 2708 1069 2750 omnes
1085 2685 1193 2749 Curiae
1208 2696 1390 2768 nugatores,
1407 2681 1463 2766 qui

513 2793 574 2857 sub
590 2802 748 2877 praetextu
764 2790 948 2869 honestatis,
963 2802 994 2853 et
1020 2790 1230 2863 liberalitatis,
1246 2786 1378 2851 miseriae
1399 2807 1464 2847 suae

514 2894 615 2957 solent
637 2892 773 2977 ineptias
796 2891 947 2970 colorare,
962 2892 1018 2974 qui
1039 2892 1202 2956 nitidiores
1225 2889 1386 2967 incedunt,
1409 2886 1465 2971 qui

514 2991 714 3079 splendidius
734 2992 917 3077 epulantur,
933 2993 989 3076 qui
1010 2995 1171 3078 propriam
1190 2993 1231 3056 ad
1254 3012 1392 3054 mensam
1409 3011 1466 3051 sae·

516 3097 588 3180 pius
602 3106 769 3158 extraneos
780 3092 975 3177 compellunt
988 3093 1146 3172 accedere,
1156 3092 1358 3156 humaniores
1369 3089 1465 3161 domi,

516 3195 594 3257 foris
608 3193 820 3279 benigniores
835 3192 1027 3258 affabiliores
1041 3197 1074 3258 in
1090 3215 1243 3268 sermone,
1259 3190 1419 3254 liberiores
1434 3187 1467 3250 in

517 3296 690 3374 sententiis,
705 3294 736 3358 in
759 3296 979 3382 proximorum
999 3295 1089 3359 cultu
1111 3293 1263 3370 munifici,
1279 3304 1310 3356 et
1325 3290 1466 3354 omnium

516 3393 673 3457 virtutum
696 3397 872 3460 imitatione
894 3398 1049 3481 praeclari.
1094 3400 1143 3462 Ut
1160 3397 1243 3461 enim
1259 3399 1303 3459 ait
1324 3394 1466 3459 ethicus:

472 3546 475 3549 .
518 3494 619 3558 totius
634 3494 799 3581 injustitiae
811 3496 901 3558 nulla
913 3510 959 3560 est
976 3498 1150 3582 capitalior,
1163 3520 1258 3583 quam
1274 3517 1395 3567 eorum,
1413 3492 1468 3577 qui

518 3618 620 3682 quum
644 3596 781 3661 maxime
803 3596 979 3683 decipiunt,
993 3598 1026 3661 id
1050 3613 1160 3683 agunt,
1175 3612 1212 3662 ut
1234 3599 1310 3661 boni
1325 3595 1385 3659 viri
1406 3616 1472 3657 esse

521 3698 698 3763 videantur.
744 3699 807 3763 His
829 3700 943 3785 utique
966 3712 998 3763 et
1022 3701 1150 3764 virtutis
1176 3700 1291 3764 umbra
1311 3699 1468 3761 licentiam

517 3801 606 3881 facit,
620 3814 652 3865 et
668 3801 753 3865 unde
767 3803 821 3864 vix
845 3813 1030 3886 oportuerat
1051 3805 1170 3886 sperari
1186 3804 1321 3875 veniam,
1337 3796 1468 3883 gloriam

518 3914 743 3984 assequuntur.
792 3902 931 3963 Possunt
954 3899 1084 3986 impune
1105 3901 1244 3985 plurima
1270 3913 1469 3983 extorquere,

517 4000 573 4082 qui
585 4021 684 4082 parvo
694 4024 755 4064 non
768 4015 914 4084 possunt,
922 4002 987 4063 imo
998 4023 1061 4064 non
1069 4001 1242 4085 dignantur
1248 4025 1314 4065 esse
1320 3999 1469 4063 contenti.

519 4100 639 4161 Notum
656 4099 785 4181 quidem
802 4105 861 4176 est,
877 4114 910 4164 et
925 4101 1071 4184 generale
1086 4102 1304 4187 proverbium,
1322 4102 1398 4187 quia

625 4205 726 4256 Serviat
737 4210 871 4273 aeternnm,
883 4210 928 4277 qui
939 4227 1017 4280 parvo
1029 4212 1130 4263 nesciet
1142 4213 1189 4263 uti.

521 4305 572 4365 Ne
603 4314 707 4364 tamen
738 4324 809 4365 cum
841 4303 890 4366 his
921 4327 971 4367 me
999 4304 1116 4369 bellum
1144 4304 1338 4369 inexorabile
1364 4326 1472 4388 gerere

518 4414 622 4486 putes,
646 4426 777 4468 munera
805 4404 938 4468 curiales
963 4406 1095 4470 licenter
1120 4407 1286 4491 accipiant,
1311 4406 1388 4471 dum
1411 4428 1472 4467 non
