3575 5575
346 772 348 777 ·
366 766 436 812 cnr.
452 744 515 826 ιι]
715 756 971 810 rotvcmrrcns.
1262 748 1321 811 195

367 920 490 982 mittere
511 918 597 1003 quod
620 930 769 1002 praestare
792 939 855 982 non
876 928 980 1001 potes.
1027 917 1162 982 sienim
1177 928 1320 1002 potestas

367 1021 492 1084 affuerit
520 1020 696 1100 largiendi,
711 1020 772 1086 nisi
806 1022 956 1084 voluntas
985 1019 1135 1083 beneficii
1164 1020 1322 1102 producat

366 1123 528 1198 effectum,
542 1123 716 1205 promissor
733 1145 797 1186 non
813 1123 947 1204 gratiam
965 1121 1005 1186 dc
1025 1122 1193 1205 promisso,
1208 1122 1265 1186 sed
1281 1121 1321 1186 de

367 1222 534 1287 mendacio
546 1225 706 1289 contrabit
727 1226 896 1290 maculam.
939 1223 1033 1296 Quod
1049 1224 1076 1286 si
1092 1245 1134 1288 ex
1155 1225 1320 1289 intervallo

365 1326 515 1408 promissi
530 1327 628 1391 fidem
642 1327 831 1411 impleverit,
842 1327 1043 1392 liberalitatis
1058 1327 1166 1404 decor,
1176 1338 1209 1391 et
1223 1329 1320 1392 bene-

366 1426 434 1489 ficii
445 1428 572 1510 species
582 1429 654 1511 ipsa
662 1429 815 1506 fuscatur,
828 1450 866 1490 eo
879 1425 967 1510 quod
980 1426 1036 1509 qni
1051 1427 1184 1504 distulit,
1195 1428 1320 1493 interim

369 1527 457 1590 visus
471 1539 520 1590 cst
534 1529 685 1592 noluisse.
729 1528 828 1592 Unde
843 1527 1041 1592 versificator
1055 1528 1213 1610 egregius,

473 1642 603 1711 Denigrat
613 1644 734 1696 meritum
746 1643 833 1696 dantis
840 1659 921 1704 mors,
933 1658 995 1694 uam
1006 1642 1069 1694 data
1079 1644 1174 1714 raptim

545 1730 666 1792 Munera,
678 1729 736 1801 plus
745 1729 840 1795 laudis,
852 1728 961 1800 plusque
972 1726 1067 1781 favoris
1077 1728 1183 1782 habent.

367 1833 523 1898 Praeterea
537 1836 610 1918 quis
632 1836 793 1899 defuturo
814 1847 918 1898 certus
933 1844 993 1912 cst,
1009 1844 1045 1900 ut
1062 1834 1143 1899 sciat
1165 1857 1199 1900 se
1220 1857 1321 1920 quan·

366 1935 472 2019 doque
487 1959 582 2020 posse
593 1938 724 2022 implere
739 1937 826 2022 qnod
839 1935 965 2000 differt?
991 1939 1109 2000 Nonne
1120 1939 1323 2006 consiliarius

366 2039 517 2113 veritatis,
523 2037 1168 2121 assertorfidei,electionisvas(doctorem
1179 2042 1321 2120 gentium

363 2142 492 2226 loquor)
508 2139 648 2206 fidelium
668 2143 803 2215 animos,
820 2163 901 2226 quos
922 2140 1078 2206 adventus
1099 2141 1148 2205 sui
1168 2155 1319 2226 expecta-

364 2243 452 2308 tione
475 2244 695 2328 suspendcrat,
718 2245 879 2310 frustravit
900 2267 920 2309 a
941 2243 1100 2309 desiderio
1122 2243 1202 2309 suoi
1234 2245 1322 2317 Quid

364 2346 451 2410 aliud
465 2348 531 2430 agit
544 2348 600 2412 illa
609 2348 712 2430 ipsius
726 2348 905 2421 excusatio,
918 2369 981 2431 qua
996 2345 1083 2431 apud
1095 2369 1129 2410 se
1143 2369 1209 2410 non
1225 2348 1322 2411 fuisse

367 2456 417 2511 est
431 2459 463 2513 et
477 2471 555 2525 non,
571 2448 628 2513 sed
644 2461 692 2512 est
708 2458 828 2513 tantum
845 2459 1084 2525 commemorat,
1099 2460 1131 2512 et
1146 2470 1179 2512 se
1193 2449 1321 2512 levitate

366 2571 432 2612 non
452 2572 544 2615 nsum
564 2549 777 2634 protestatur?
813 2551 849 2616 Si
873 2573 939 2614 non
962 2551 1067 2633 potuit
1090 2551 1157 2625 ille,
1180 2551 1321 2614 Domino

276 2725 281 2736 '
366 2650 572 2733 impediente,
588 2650 674 2734 quod
696 2650 798 2713 voluit
820 2650 893 2728 (hoc
909 2651 995 2713 enim
1018 2647 1117 2712 voluit
1139 2650 1225 2734 quod
1248 2671 1320 2732 pro-

367 2751 469 2831 misit)
491 2751 564 2835 qnis
579 2751 708 2833 sapiens
728 2771 850 2827 secure,
866 2749 953 2835 quod
973 2771 1016 2813 ex
1032 2750 1184 2815 facilitate
1200 2761 1321 2815 naturae

367 2852 499 2935 pendet,
511 2852 675 2935 promittit,
689 2874 788 2937 quum
804 2854 914 2916 leviter
926 2854 1037 2936 possit,
1050 2874 1093 2917 ex
1106 2854 1211 2917 causis
1225 2875 1322 2938 quam

367 2955 513 3037 plurimis
527 2954 697 3038 impediri?
728 2955 780 3019 Ad
795 2954 864 3019 haec
881 2977 923 3019 ex
938 2954 1027 3039 justa
1042 2977 1140 3019 causa
1153 2967 1260 3040 potest
1274 2957 1323 3019 in·

367 3055 493 3118 terdnm
515 3067 637 3119 mutare
657 3056 792 3139 quilibet
810 3057 1017 3121 voluntatem.
1055 3056 1183 3139 Dignus
1203 3057 1323 3121 etenim

368 3157 529 3222 beneficio
550 3179 609 3243 pro
630 3168 771 3242 tempore
794 3158 917 3223 videtur
939 3159 1068 3243 aliquis,
1091 3160 1147 3243 qui
1169 3178 1322 3242 processu

365 3282 480 3339 rerum,
503 3260 617 3325 eodem
639 3261 793 3345 reperitur
814 3260 978 3342 indignus.
1021 3261 1068 3323 Et
1089 3260 1250 3324 interdum
1272 3259 1322 3323 in·

366 3361 481 3443 dignus
506 3372 564 3435 est,
588 3361 645 3445 qui
668 3361 711 3424 ad
736 3363 856 3443 frugem
879 3361 1018 3425 melioris
1040 3362 1115 3425 vitae
1138 3382 1322 3438 conversus,

365 3462 560 3524 beneficium
578 3463 697 3527 meritis
717 3463 814 3526 etiam
836 3484 970 3527 amanu
991 3472 1155 3542 extranea,
1169 3473 1204 3527 ut
1225 3465 1321 3546 vulgo

367 3562 434 3624 dici
449 3564 538 3635 solet,
554 3574 731 3647 extorquet.
761 3566 802 3627 In
816 3564 868 3628 his
883 3576 1005 3629 mutare
1017 3565 1216 3650 propositum
1233 3587 1320 3648 saepe

368 3684 434 3726 non
458 3672 507 3725 est
535 3662 687 3740 criminis,
714 3664 772 3727 sed
798 3665 932 3729 virtutis.
979 3666 1076 3743 Nam,
1101 3674 1138 3728 nt
1162 3686 1181 3727 a
1205 3665 1322 3727 fabulis

367 3766 550 3844 doceamur,
559 3764 706 3827 Theseus
716 3765 814 3828 unico
825 3764 892 3826 filio
909 3786 967 3829 sno
983 3787 1049 3827 non
1060 3766 1172 3827 fuisset
1182 3766 1321 3843 orbatus,

368 3868 396 3931 si
410 3865 563 3930 voluisset
578 3875 699 3927 mutare
719 3864 928 3948 propositum.
966 3863 1011 3927 Et
1027 3864 1172 3927 Phoebus
1189 3877 1320 3948 urgente

369 3968 498 4031 stimulo
520 3966 651 4039 doloris,
668 3986 764 4049 quem
781 3965 821 4027 de
844 3963 1032 4028 Phaetontis
1051 3965 1143 4028 mina
1165 3986 1321 4050 concepe-

368 4080 428 4150 rat,
439 4071 514 4134 exul
530 4068 633 4133 ecoeli
644 4069 785 4151 regione,
796 4065 924 4131 Admeti
939 4089 1005 4132 non
1018 4069 1158 4152 pavisset
1169 4080 1320 4146 amenta,

368 4174 396 4236 si
418 4172 449 4235 ei
470 4184 588 4248 votnm,
610 4192 676 4254 quo
699 4192 745 4249 se,
767 4170 876 4253 Stygis
897 4170 1087 4254 interposito
1110 4182 1319 4252 sacramento,

368 4274 436 4337 filio
458 4274 627 4337 ambitioso
650 4275 855 4355 obligaverat,
874 4280 996 4336 mutare
1015 4273 1167 4337 licuisset.
1211 4274 1257 4336 Et
1278 4294 1319 4335 ne

368 4376 548 4439 fabulamm
576 4375 785 4441 instrumenta
813 4383 1010 4454 contemnas,
1040 4395 1097 4439 rex
1125 4373 1321 4455 incredulus,

817 4495 839 4539 o
855 4482 875 4539 2
