3575 5575
354 814 424 860 cnr.
440 797 500 877 vu]
709 812 963 858 eonrcnarrcus.

354 1109 434 1191 Cap.
452 1112 482 1170 6.
505 1106 558 1169 Dc
575 1107 727 1188 principe
748 1107 806 1186 qui
826 1111 927 1185 caput
947 1111 994 1166 eat
1015 1104 1203 1185 reipublice,
1219 1108 1250 1164 et
1269 1103 1307 1164 da

397 1208 546 1270 electione
567 1206 648 1285 ejus,
668 1213 699 1268 et
720 1206 953 1287 privilegiari
971 1206 1106 1286 praernio
1127 1205 1258 1266 uirtutis
1277 1209 1308 1265 ct

396 1311 525 1390 cnlpa3
549 1313 580 1370 ct
594 1307 679 1388 quod
697 1307 823 1371 matum
843 1305 905 1370 Jolr
926 1305 1035 1369 debeat
1055 1308 1197 1370 imitari:
1220 1313 1251 1368 et
1270 1305 1309 1368 dc

398 1407 576 1470 uirtutibus
590 1407 674 1469 beati
687 1407 755 1468 Jolr.

403 1566 578 1632 Sauumua
603 1576 641 1628 ut
663 1563 733 1648 ejus
755 1562 916 1626 imitantes
939 1561 1071 1646 vestigia
1093 1563 1133 1625 de
1159 1562 1308 1626 membris

360 1665 560 1751 Reipublicae
580 1663 801 1750 despiciamus.
846 1665 977 1729 Dictum
1000 1676 1046 1728 est
1067 1677 1172 1729 autem
1193 1664 1309 1750 princi-

357 1790 431 1850 pem
447 1767 553 1830 locum
574 1767 717 1831 obtinere
739 1764 863 1850 capitis,
877 1778 910 1828 et
933 1767 987 1849 qui
1009 1764 1106 1828 solius
1127 1763 1241 1828 mentis
1263 1786 1309 1828 re-

358 1881 455 1954 gatur
478 1868 621 1933 arbitrio.
674 1871 773 1932 Hunc
797 1871 920 1951 itaque,
948 1879 984 1929 ut
1007 1867 1075 1951 jam
1101 1865 1222 1929 dictum
1250 1879 1309 1943 est,

360 1971 526 2057 dispositio
541 1970 649 2034 divina
663 1970 696 2035 in
713 1993 783 2036 arce
800 1968 983 2056 reipublicae
997 1969 1175 2050 collocavit,
1190 1983 1221 2035 et
1237 1993 1309 2034 eum

360 2096 446 2137 nunc
460 2095 575 2136 arcano
589 2072 799 2159 providentiae
814 2094 881 2135 suae
903 2072 1065 2157 mysterio,
1087 2073 1210 2136 caeteris
1231 2095 1312 2158 prae-

360 2175 434 2256 fert,
448 2197 532 2237 nunc
547 2175 640 2260 quasi
656 2196 785 2247 suorum
802 2173 926 2260 judicio
941 2173 1154 2253 sacerdotum,
1169 2197 1253 2238 nunc
1268 2175 1310 2239 ad

360 2298 431 2340 eum
461 2274 699 2362 praeficiendum
731 2279 832 2341 totius
861 2276 974 2362 populi
1004 2289 1079 2341 vota
1110 2291 1313 2342 concurrunt.

361 2379 458 2443 Unde
479 2391 512 2443 et
533 2379 566 2441 in
582 2377 680 2442 veteri
704 2381 910 2442 Testameuto
932 2376 1061 2460 legitur,
1086 2376 1162 2463 quia
1184 2382 1313 2464 Moyses

361 2481 567 2545 ordinaturus
587 2503 672 2553 eum,
688 2479 744 2564 qui
759 2491 909 2564 praeesset
929 2478 961 2540 in
983 2478 1114 2564 populo,
1129 2483 1315 2544 convocavit

361 2603 485 2645 omnem
507 2602 715 2666 synagogam,
732 2593 768 2642 ut
792 2579 962 2664 eligeretur
985 2591 1108 2643 astante
1127 2580 1258 2665 populo,
1274 2604 1313 2644 ne

363 2679 639 2766 quapostmodum
650 2679 832 2743 retractatio
843 2677 1004 2763 cuiquam,
1014 2700 1054 2740 ue
1064 2679 1136 2762 quis
1146 2681 1315 2764 scrupulus

363 2782 524 2848 resideret.
571 2781 706 2867 Legitur
728 2783 760 2844 in
785 2779 866 2845 libro
889 2783 1026 2863 Regum,
1045 2778 1134 2866 quod
1157 2781 1235 2848 Saul
1258 2804 1314 2845 rex

364 2885 507 2961 futurus,
522 2906 678 2970 apparens
693 2887 726 2948 in
741 2882 821 2947 facie
840 2881 962 2968 populi,
977 2883 1018 2946 ab
1033 2882 1174 2947 humeris
1189 2907 1314 2950 sursum

365 2986 619 3074 supereminebat
643 2989 825 3051 universum
851 2988 1018 3071 populum.
1064 2988 1171 3059 Quare
1195 3011 1316 3073 quaes0,

364 3088 423 3152 nisi
440 3088 517 3174 quia
532 3109 625 3173 quem
642 3101 769 3172 oportet
784 3110 918 3173 praeesse
934 3087 1015 3165 aliis,
1031 3101 1159 3172 pectore
1174 3089 1268 3155 debet
1284 3105 1316 3156 et

363 3214 418 3255 ore
433 3191 622 3276 prominere,
638 3203 674 3255 ut
690 3191 781 3276 quasi
797 3191 954 3253 bonorum
971 3212 1103 3275 operum
1120 3190 1203 3255 ulnis
1219 3193 1318 3257 totius

364 3290 475 3378 populi
505 3291 708 3357 latitudinem
745 3290 921 3376 amplexari
949 3290 1063 3366 valeat,
1089 3304 1121 3356 et
1150 3306 1316 3379 protegere

365 3407 518 3479 tauquam
545 3394 679 3471 doctior,
704 3398 852 3469 sanctior,
879 3394 1148 3478 circumspectior,
1174 3409 1207 3460 et
1231 3397 1316 3461 omni

367 3494 482 3558 virtute
497 3497 718 3580 praestantior?
743 3496 830 3561 Dicit
846 3497 929 3560 euim
941 3496 1097 3562 Dominus
1109 3497 1150 3562 ad
1165 3500 1315 3583 Moysen:

367 3600 501 3661 Assume
515 3596 557 3659 ad
573 3598 774 3683 temetipsum
787 3601 810 3661 J
812 3620 900 3663 esum
919 3600 1019 3682 filium
1037 3600 1149 3679 Navae,
1160 3600 1317 3665 hominem

368 3696 424 3783 qui
453 3696 549 3760 habet
581 3697 735 3782 Spiritum
764 3700 826 3763 Dei
852 3701 884 3762 in
911 3700 1090 3784 semetipso,
1117 3712 1148 3763 et
1177 3699 1320 3785 impones

367 3820 479 3865 manus
505 3811 576 3863 tuas
603 3822 805 3885 supereum,
828 3814 860 3864 et
883 3812 1003 3864 statues
1030 3822 1134 3863 coram
1164 3802 1320 3866 Eleazaro

368 3901 541 3977 sacerdote,
564 3913 596 3965 et
623 3915 782 3987 praecepta
809 3902 838 3964 ei
864 3901 940 3964 dato
963 3900 995 3963 in
1022 3915 1194 3985 conspectu
1223 3905 1321 3969 totius

369 4026 550 4089 synagogae,
575 4016 607 4068 et
631 4004 769 4090 praeeipe
796 4004 836 4067 de
865 4004 936 4089 ipso
961 4024 1065 4066 coram
1089 4002 1144 4080 eis,
1172 4018 1203 4070 et
1229 4006 1320 4073 dabis

369 4104 544 4169 claritatem
568 4117 656 4169 tuam
680 4127 776 4190 super
800 4104 904 4182 illum,
929 4115 965 4167 ut
992 4104 1124 4169 audiant
1147 4104 1238 4172 illum
1263 4108 1320 4173 filii

371 4204 481 4269 lsrael.
527 4206 630 4271 Audis
652 4207 815 4271 evidenter
837 4206 1068 4271 ordinationem
1091 4208 1242 4295 principis
1264 4233 1320 4295 po·

370 4305 439 4391 puli
462 4319 527 4372 tam
551 4310 716 4374 manifeste
738 4309 941 4394 descriptam,
965 4320 1002 4372 ut
1024 4331 1103 4394 pene
1127 4311 1323 4395 expositione

373 4428 434 4471 nou
457 4420 561 4491 egeat.
610 4410 643 4473 Si
666 4432 733 4473 eam
758 4423 862 4473 tamen
887 4408 1082 4473 manifestius
1102 4410 1231 4495 quaeris
1255 4434 1322 4479 eam
