3575 5575
489 805 550 866 136
748 821 884 865 roaums
900 819 1181 867 saussssrunusrs
1309 800 1391 879 [urs.
1407 819 1444 864 11.

491 973 558 1035 tius
574 970 727 1035 mendacii
743 969 920 1034 credendus
941 984 1019 1049 erat,
1034 992 1132 1055 quam
1147 968 1283 1032 occultae
1300 969 1444 1034 veritatis

489 1072 655 1158 interpres.
689 1073 795 1158 Vulgo
809 1070 967 1156 siquidem
981 1093 1080 1156 quum
1097 1072 1172 1156 quis
1183 1072 1356 1136 mentiendi
1369 1084 1445 1135 nota

489 1173 642 1251 inuritur,
657 1173 720 1238 dici
735 1174 825 1250 solet,
842 1173 919 1258 quia
933 1177 1048 1257 quovis
1062 1173 1197 1248 excubo,
1214 1173 1344 1258 vigilive
1359 1196 1445 1238 men-

490 1274 598 1337 dacior
617 1287 674 1339 est.
721 1277 805 1339 Item
826 1275 1116 1339 chironomanticus
1133 1274 1310 1354 adbibitus,
1324 1287 1357 1338 et
1372 1297 1445 1337 cou-
1545 1339 1549 1348 ,

492 1375 595 1439 tultus
610 1375 689 1459 quid
712 1375 874 1440 contulit?
913 1377 995 1439 Nam
1012 1373 1125 1438 subeo
1145 1373 1281 1438 articulo
1296 1387 1443 1460 uterque,

492 1477 639 1563 quisquis
653 1478 713 1540 boc
728 1476 840 1562 egerit,
852 1475 1018 1540 consultus
1032 1489 1091 1543 est.
1122 1477 1176 1540 Tu
1192 1476 1321 1562 quidem
1334 1476 1445 1562 paucis

491 1579 605 1643 diebus
626 1578 750 1665 elapsis,
773 1579 864 1664 quasi
887 1577 1010 1640 stellam
1038 1577 1226 1640 matutinam
1248 1577 1373 1661 generis
1394 1577 1444 1642 tui

492 1703 553 1744 non
567 1685 774 1766 praemonitus
785 1679 964 1766 perdidisti.
996 1680 1131 1759 Caetera,
1142 1701 1217 1764 quae
1229 1679 1341 1743 melius
1352 1680 1445 1758 nosti,

492 1784 626 1847 scienter
642 1796 751 1855 taceo;
782 1804 884 1867 quum
901 1780 953 1845 isti
973 1780 1114 1845 vanitate
1130 1804 1188 1845 sua
1209 1781 1383 1846 meruerint
1404 1804 1445 1844 ue

492 1885 627 1949 ulterius
650 1884 864 1948 consulantur.
909 1883 1162 1967 Pythonicorum
1182 1905 1259 1947 vero
1280 1907 1318 1946 eo
1340 1884 1445 1970 perni-

492 1987 604 2051 ciosior
619 1999 665 2050 est
682 1985 883 2061 consultatio,
900 2007 967 2070 quo
981 1985 1106 2049 fallacia
1128 1985 1338 2070 malignorum
1354 1986 1445 2073 spiri·

491 2102 585 2152 tuum
601 2087 632 2151 iu
650 2087 698 2150 his
714 2087 909 2152 manifestior
932 2099 991 2167 est,
1006 2087 1061 2173 qui
1078 2087 1145 2150 sive
1160 2090 1363 2167 mentiantur,
1378 2088 1444 2151 sive

491 2213 566 2268 non,
581 2192 613 2254 in
629 2188 792 2275 proposito
808 2212 931 2275 semper
945 2188 1063 2253 habent
1080 2200 1116 2253 ut
1132 2204 1275 2255 noceant.
1314 2189 1445 2256 Fallunt

492 2307 599 2356 autem
622 2291 783 2355 interdum
810 2291 919 2356 studio
942 2290 1085 2372 fallendi,
1109 2292 1270 2356 interdum
1293 2291 1446 2357 caecitatis

494 2417 560 2458 suae
576 2416 679 2457 errore
696 2392 839 2478 decepti:
865 2393 897 2456 id
915 2407 1020 2458 tamen
1036 2410 1136 2475 agunt
1151 2393 1288 2472 assidue,
1305 2407 1340 2459 ut
1354 2392 1444 2458 futu·

493 2518 601 2560 rorum
623 2495 738 2558 conscii
760 2518 817 2581 per
839 2497 945 2560 omnia
962 2497 1140 2561 videantur.
1186 2495 1267 2558 Inde
1286 2508 1333 2559 eat
1357 2496 1444 2581 quod

493 2595 703 2681 ambiguitate
719 2597 887 2660 verborum
909 2596 1095 2662 obnubilare
1110 2595 1239 2660 student
1254 2594 1392 2673 oracula,
1408 2609 1445 2660 ut

493 2721 589 2785 quum
611 2699 788 2778 mendaces,
808 2711 864 2762 aut
887 2698 1016 2764 fallaces
1038 2697 1157 2762 inventi
1183 2696 1314 2773 fuerint,
1336 2695 1445 2782 aliquo

492 2801 623 2866 rationis
640 2802 817 2866 velamento
828 2824 917 2865 suam
935 2813 1081 2887 quaerant
1095 2801 1178 2865 tueri
1192 2800 1361 2867 fallaciam.
1393 2801 1445 2865 Sic

427 2971 431 2979 ,
494 2906 607 2989 utique
636 2904 745 2969 fallere
774 2926 838 2967 nou
864 2903 1036 2982 desistunt,
1060 2901 1160 2966 donec
1186 2903 1349 2967 auditores
1372 2924 1446 2967 suos

493 3006 694 3090 praecipitent
722 3005 752 3067 in
779 3004 914 3068 ruinam.
960 3005 1022 3071 Cui
1047 3004 1129 3068 enirn
1153 3026 1173 3067 a
1196 3004 1313 3070 saeculo
1333 3020 1444 3070 vatum

491 3106 642 3190 profuere
656 3110 828 3192 responsa?
857 3108 1032 3185 Croesone‚
1044 3129 1083 3170 an
1101 3106 1239 3192 Pyrrho,
1255 3123 1312 3171 aut
1328 3129 1446 3192 praeee-

491 3206 634 3272 dentium
648 3220 704 3271 aut
713 3208 973 3293 subsequentium
986 3211 1156 3292 cuiquam?
1180 3210 1258 3271 Dux
1271 3209 1445 3273 Thebanus

491 3308 568 3372 dum
584 3308 624 3373 de
640 3309 768 3373 oraculo
783 3327 889 3396 sperat
903 3309 1077 3387 victoriam,
1088 3309 1199 3373 fratris
1215 3332 1362 3373 mucrone
1374 3331 1445 3395 per-

494 3408 625 3473 foditur.
671 3411 715 3473 Et
733 3424 837 3474 tamen
861 3431 942 3473 avua
963 3410 1063 3473 Laius
1080 3431 1244 3473 successus
1263 3407 1338 3471 belli
1358 3410 1446 3472 visus

493 3522 539 3573 est
556 3510 708 3595 polliceri.
753 3510 839 3588 Quid
854 3511 936 3574 enim
953 3512 1041 3575 aliud
1057 3509 1259 3596 significaret,
1269 3509 1357 3596 quod
1372 3522 1444 3596 post

492 3611 610 3676 multas
625 3613 774 3699 ambages
789 3613 910 3691 intulit,

702 3754 772 3801 certa
784 3753 824 3801 est
834 3748 941 3803 victoria
953 3746 1077 3800 Thebis?

496 3868 657 3933 Caeterum
672 3890 724 3945 ue,
739 3868 931 3953 interempto
946 3864 1039 3942 duce,
1055 3864 1212 3929 mendacii
1227 3873 1392 3949 arguatur,
1408 3873 1444 3924 ut

493 3966 648 4033 fallaciam
672 3971 823 4055 ambigua
837 3968 979 4033 veritatis
999 3980 1076 4032 nota
1097 3966 1282 4040 obduceret,
1297 3986 1361 4047 quo
1380 3985 1446 4025 ma·

494 4067 593 4131 litiam
610 4084 749 4147 tueatur,
764 4071 913 4157 subjecit,

671 4202 725 4255 Hei
737 4203 802 4255 mihi
813 4221 859 4274 per
869 4203 971 4270 gladios
981 4204 1044 4256 vicit
1055 4209 1137 4275 pater.

497 4321 548 4384 Sic
563 4344 639 4404 ergo
654 4321 731 4385 dum
753 4322 842 4407 quasi
858 4322 996 4405 fatorum
1021 4320 1151 4386 consilio
1171 4342 1301 4385 securus
1315 4318 1355 4383 ad
1373 4342 1445 4405 par-

494 4425 641 4494 ricidium
662 4424 827 4508 invitatur,
841 4426 957 4513 laqueo
978 4426 1151 4512 impietatis
1174 4424 1313 4491 trabitur
1332 4424 1373 4488 ad
1393 4446 1445 4486 oc·
