3575 5575
479 741 542 800 ata
733 751 870 798 scaurus
889 749 1168 798 saamsnmansrs
1303 735 1386 810 [tm.
1401 752 1433 796 v.

483 907 644 984 amicitia,
675 905 778 969 amico
811 903 971 969 interdum
1009 903 1171 967 dilationis
1195 904 1326 984 gratiam
1349 904 1435 968 lacit.

484 1009 560 1072 Hoc
585 1016 692 1070 tamen
717 1007 824 1090 ipsum
847 1025 931 1085 raro,
955 1016 988 1069 ct
1008 1025 1074 1068 non
1096 1005 1158 1067 nisi
1174 1025 1273 1068 causa
1296 1006 1435 1087 cognita.

485 1109 584 1172 Porro
608 1108 686 1171 dum
709 1127 809 1171 cansa
831 1127 953 1189 anceps
976 1116 1036 1182 est,
1060 1104 1173 1168 dilatio
1201 1107 1387 1190 protelatur,
1409 1106 1437 1168 si

487 1230 552 1272 non
577 1208 802 1286 contentionis,
828 1209 941 1270 saltem
968 1206 1149 1270 decisionis.
1206 1208 1292 1270 Nam
1312 1206 1440 1291 judicia

484 1296 648 1381 festinata,
680 1308 901 1392 poenitentiam
933 1307 1073 1390 pariunt.
1130 1307 1228 1371 Unde
1256 1318 1289 1371 et
1321 1308 1441 1386 Graeci,

491 1431 588 1494 quum
617 1419 771 1492 urgentur
794 1406 836 1471 ad
862 1407 1053 1470 sententiam
1078 1423 1250 1492 antequam
1276 1405 1316 1470 dc
1342 1406 1443 1472 cansa

491 1513 623 1596 liqueat,
637 1511 833 1594 respondent
853 1519 963 1593 patres
987 1530 1063 1573 snos
1085 1511 1187 1574 solem
1209 1509 1296 1594 apud
1319 1510 1441 1594 antipo

495 1612 553 1676 des
575 1632 641 1676 non
663 1610 803 1689 vidisse3
832 1611 890 1675 scd
912 1621 1101 1694 expectasse
1126 1631 1261 1698 semper,
1284 1611 1388 1676 donec
1412 1621 1447 1674 et

494 1711 576 1795 ipsis
590 1713 732 1776 oriretur.
778 1710 904 1777 Dicunt
922 1710 1008 1774 enim
1028 1731 1268 1795 praepropcrum
1289 1733 1360 1775 csse
1378 1711 1445 1775 ria·

495 1825 608 1892 torem,
635 1814 690 1897 qui
714 1823 885 1896 antequam
910 1812 1024 1876 lucifer
1049 1813 1177 1890 oriatur,
1200 1813 1314 1876 crassis
1339 1812 1447 1876 adhuc

496 1915 647 1993 tenebris,
671 1915 809 1999 luceque
834 1924 967 1990 remota,
993 1913 1121 1978 dietam
1147 1913 1338 1996 aggreditur.
1382 1913 1447 1977 Sed

497 2039 557 2081 nec
565 2017 709 2100 judicem
721 2024 837 2079 terreat
847 2015 1019 2080 auctoritas
1027 2016 1207 2098 ligatorum,
1217 2037 1314 2101 quum
1327 2015 1448 2097 Pytha-

499 2138 584 2199 gorae
612 2118 647 2179 in
671 2117 892 2196 longissimum
916 2126 1044 2199 tempus
1071 2118 1112 2180 sit
1140 2117 1241 2180 dilata
1270 2117 1392 2201 petitio,
1417 2127 1451 2180 et

500 2217 674 2281 Alexandri
689 2217 882 2281 Macedonis
907 2219 940 2280 iu
966 2218 1122 2282 castrensi
1140 2217 1266 2301 judicio
1290 2219 1332 2282 sit
1354 2239 1451 2282 causa

500 2316 657 2380 damnata.
703 2316 800 2389 Quod
820 2326 853 2380 et
875 2318 930 2380 ille
953 2329 1122 2401 acceptum
1142 2317 1268 2396 habuit,
1284 2317 1453 2403 judicibus

501 2441 599 2501 agens
614 2420 757 2500 gratiam,
771 2439 909 2502 quorum
924 2419 957 2481 in
973 2440 1013 2483 eo
1035 2419 1132 2483 fidem
1147 2421 1345 2504 probaverat,
1365 2411 1454 2506 quod

497 2520 655 2604 justitiam
681 2516 770 2582 omni
792 2521 973 2603 potentatui
994 2521 1214 2603 preferebant.
1258 2522 1350 2586 Nihil
1379 2544 1455 2586 vero

504 2620 689 2703 praeclarins
708 2619 749 2684 de
770 2619 957 2685 Alexandro
978 2622 1047 2698 illo,
1067 2643 1161 2705 quem
1185 2623 1319 2706 publica
1343 2625 1454 2707 opinio

503 2742 656 2803 magnum
670 2720 797 2800 asserit,
820 2721 854 2783 in
880 2722 989 2806 aliqua
1010 2722 1144 2786 historia
1165 2743 1239 2785 meo
1258 2721 1385 2807 judicio
1408 2743 1458 2787 re·

506 2824 586 2906 peri.
630 2823 716 2886 Mihi
742 2822 871 2908 quidem
897 2843 1032 2905 semper,
1053 2832 1090 2885 ut
1113 2832 1218 2886 tamen
1243 2843 1324 2905 pace
1347 2844 1457 2887 eorum

506 2925 632 3006 loquar,
662 2924 717 3006 qui
745 2925 955 2987 temeritatem
984 2924 1094 2986 rirtnti
1128 2925 1313 3007 praeterunt,
1343 2924 1461 2989 ditissi-

508 3047 562 3089 mo
582 3024 765 3088 Alexandro
785 3046 908 3109 pauper
925 3026 1123 3109 Pythagoras
1142 3026 1244 3111 major
1258 3026 1328 3090 erit.
1365 3026 1462 3100 Quod

511 3137 546 3190 ut
568 3147 697 3189 mecum
718 3125 885 3210 conjicias,
912 3127 1118 3190 collationem
1140 3125 1287 3211 Philippi
1309 3138 1343 3191 et
1363 3128 1461 3191 Alex·

512 3227 614 3306 andri,
643 3229 749 3310 Trogo
784 3227 952 3310 Pompeio,
983 3229 1035 3291 vel
1063 3228 1192 3293 lustino
1221 3229 1463 3312 compendiario

513 3330 594 3413 ejus,
608 3329 636 3391 si
655 3330 768 3405 mavis,
782 3340 924 3408 auctore,
938 3329 1146 3394 revolvamus.
1190 3330 1247 3395 Ait
1268 3351 1363 3411 ergo:
1388 3331 1466 3394 Fuit

514 3430 683 3512 Philippus
718 3450 786 3508 rex,
823 3451 981 3494 armornm
1017 3453 1112 3516 quam
1150 3432 1366 3497 conviviorum
1398 3446 1465 3497 atu-

515 3531 646 3604 diosior,
671 3530 723 3597 cui
737 3532 889 3597 maximae
913 3553 993 3615 opes
1018 3541 1109 3597 erant
1129 3534 1342 3599 instrumenta
1365 3536 1468 3600 bello·

516 3655 597 3709 rum,
623 3633 804 3697 divitiarum
830 3643 981 3717 quaestus,
1012 3656 1107 3719 qnam
1137 3634 1284 3699 custodia
1313 3636 1468 3700 solertior.

517 3739 632 3822 ltaque
646 3737 729 3801 inter
749 3734 952 3821 quotidianas
967 3738 1108 3821 rapinas,
1129 3758 1255 3821 semper
1269 3738 1365 3821 inops
1379 3744 1469 3812 erat;

516 3838 737 3902 misericordia
764 3838 799 3907 in
825 3858 863 3901 eo
898 3849 930 3901 et
966 3837 1111 3921 perfidia,
1141 3840 1211 3922 pari
1231 3837 1304 3922 jure
1331 3838 1466 3902 dilecta.

517 3937 614 4018 Apud
628 3958 702 4000 eum
728 3939 815 4001 nulla
836 3938 918 4002 ratio
943 3936 1092 4001 vincendi
1115 3938 1227 4020 turpis,
1252 3936 1389 4000 blandus
1412 3956 1468 4019 pa·

517 4035 591 4097 riter
614 4045 646 4097 et
671 4035 844 4100 insidiosus
881 4038 1034 4122 alloquio,
1060 4037 1117 4121 qui
1141 4038 1234 4118 plura
1263 4036 1471 4119 promitteret,

519 4155 614 4218 quam
629 4144 803 4215 prestaret.
848 4140 889 4201 In
905 4140 985 4202 seria
1000 4150 1033 4203 et
1048 4138 1145 4219 jocos
1169 4137 1295 4215 artilex,
1315 4136 1471 4201 amicitias

518 4233 666 4313 utilitate,
703 4253 770 4296 non
807 4234 872 4300 fide
911 4239 1048 4302 colebat.
1108 4240 1253 4303 Gratiam
1283 4238 1406 4321 fingere
1438 4236 1472 4298 in

521 4334 608 4416 odio,
621 4336 776 4403 instruere
792 4335 875 4401 inter
889 4337 1121 4405 concordantes
1136 4337 1223 4416 odia,
1244 4335 1332 4421 apud
1354 4346 1473 4405 utrum-
