3575 5575
734 746 962 792 nurflssulcus.

419 896 484 961 Sed
498 895 649 983 quoniam
665 917 816 961 nummus
830 896 936 961 toxica
949 916 1034 961 soeva
1047 896 1140 981 gerit

371 997 492 1064 Toxica
505 1010 693 1085 perpetuam
709 997 851 1085 paritura
864 998 1048 1085 famamque
1063 999 1224 1087 sitimque,

415 1107 461 1167 Et
475 1102 623 1167 miseram
639 1102 749 1179 vitam,
766 1100 876 1166 mortis
891 1112 926 1165 et
938 1123 1034 1167 omne
1049 1123 1161 1186 genus,

372 1202 472 1271 Nulla
484 1203 574 1269 libris
589 1204 651 1269 erit
665 1214 740 1290 apta
755 1225 869 1269 manus
883 1202 1046 1289 ferrugine
1060 1204 1180 1283 tineta3

416 1306 487 1371 Nec
502 1318 669 1373 nummata
683 1318 808 1394 queunt
822 1307 918 1372 corde
934 1328 1046 1371 vacare
1060 1305 1159 1373 libris.

372 1408 449 1474 Non
462 1422 511 1473 est
525 1410 672 1495 ejusdem
687 1431 901 1496 nummosque
915 1408 1077 1496 librosque
1091 1409 1237 1495 probare,

417 1510 687 1597 Persequiturque
703 1511 800 1575 libros
814 1533 892 1596 grex
909 1511 1049 1597 Epicure
1064 1524 1148 1576 tuus.

373 1610 462 1695 Ignis
477 1611 617 1675 avaritiae
633 1633 733 1697 quum
750 1610 870 1674 loenum
886 1610 990 1674 carnis
1003 1610 1121 1689 adurit,

418 1710 538 1795 Surgit,
553 1722 587 1775 et
601 1720 758 1775 aeternum
774 1710 929 1775 construit
942 1731 1043 1795 usque
1057 1709 1175 1776 focum.

377 1813 497 1880 Omnia
511 1835 611 1900 quum
627 1812 725 1899 possit
739 1834 852 1877 manus
867 1811 1105 1897 omnipotentis,
1120 1835 1224 1879 avarae

413 1917 536 1982 Mentis
549 1926 725 2001 egestatem
741 1936 804 1979 non
820 1914 934 1979 satiare
950 1923 1063 2001 potest.

373 2017 447 2086 Non
464 2017 578 2082 satiare
593 2024 698 2103 potest
711 2037 825 2080 manus
840 2015 1068 2102 omnipotentis
1082 2038 1228 2088 avarum:

416 2120 479 2184 Dic
494 2118 572 2183 mibi
587 2119 658 2206 quis
673 2117 799 2205 poterit,
815 2118 903 2205 quod
917 2119 1031 2206 nequit
1043 2118 1099 2185 illa
1113 2124 1251 2189 manus?

373 2221 491 2290 Nonne
505 2221 580 2286 satis
595 2220 692 2285 miser
707 2231 766 2301 est,
781 2240 878 2306 quem
895 2241 955 2283 nec
972 2220 1063 2284 Deus
1077 2219 1144 2306 ipse
1160 2222 1255 2289 beare

419 2322 568 2392 Sufficit?
589 2322 722 2388 ulterius
736 2322 808 2409 quis
821 2322 919 2387 miser
933 2345 1002 2388 esee
1017 2322 1145 2408 potest?

373 2426 594 2515 Nummipetae
609 2447 683 2491 cum
699 2424 850 2491 libricolis
865 2437 1031 2511 nequeunt
1044 2426 1140 2491 simul
1155 2451 1244 2498 esee:

417 2530 551 2607 Ambos,
567 2528 661 2594 orede
677 2527 767 2605 mibi,
784 2550 847 2592 non
863 2528 950 2613 capit
965 2550 1029 2593 una
1043 2528 1168 2595 domus.

374 2630 461 2715 Ergo
476 2652 552 2695 cave
567 2630 709 2706 miseros,
725 2651 785 2694 nec
800 2628 842 2693 ab
857 2628 906 2693 bis
921 2628 981 2693 uisi
996 2629 1098 2695 tristia
1112 2652 1237 2716 speres:

418 2732 503 2797 Nam
519 2732 626 2796 miseri
641 2730 753 2806 cultor,
770 2730 841 2817 quis
856 2730 917 2794 uisi
932 2729 1058 2812 stultus,
1072 2731 1157 2800 erit?

374 2834 434 2900 Est
447 2834 580 2920 antiqua
595 2832 699 2912 nimis,
715 2831 810 2896 nimis
824 2843 873 2896 est
887 2832 1045 2897 sententie
1060 2855 1145 2914 vera,

415 2937 524 3012 Quem
539 2935 677 3000 docuere
693 2945 809 3020 patres,
826 2932 951 2999 Ennius
965 2945 1062 3020 etque
1079 2936 1178 3005 Cato:

373 3039 458 3104 Tam
473 3036 559 3124 quod
573 3035 681 3117 habet,
696 3057 793 3122 quam
809 3057 873 3122 quo
888 3047 976 3101 caret
990 3038 1078 3103 omni
1094 3039 1173 3106 defit
1186 3044 1302 3124 amico,

416 3141 574 3226 Occupet,
589 3139 770 3218 occumbat,
786 3160 835 3203 ree
850 3138 955 3203 aliena
969 3151 1088 3208 tamen.

372 3251 507 3330 Semper
520 3241 708 3323 abundabit,
722 3241 778 3328 qui
794 3241 889 3306 rebus
905 3242 1029 3306 novarit
1044 3245 1110 3324 uti;

416 3351 463 3413 Et
476 3367 567 3410 mens
581 3344 694 3409 utendi
708 3343 815 3409 nescia
829 3365 956 3429 semper
970 3357 1055 3428 eget.

376 3452 484 3516 Pauca
498 3459 603 3534 potest
616 3446 715 3526 dives,
731 3458 765 3512 et
779 3446 917 3533 plurima
932 3469 1053 3534 pauper
1067 3448 1205 3532 habere;

418 3553 529 3617 Nescit
542 3561 718 3635 egestatem
734 3550 832 3632 dives,
846 3572 967 3635 egenus
981 3572 1067 3637 opes.

374 3654 491 3720 Nullus
506 3652 627 3717 amicus
641 3652 683 3733 ei,
698 3652 753 3738 qui
769 3652 871 3717 multa
885 3653 985 3738 cupit,
998 3675 1059 3719 nec
1074 3655 1196 3721 amicus

419 3758 478 3822 Est
491 3757 562 3834 sibi,
579 3755 631 3821 eui
643 3756 778 3820 nimium
794 3779 844 3820 res
859 3755 964 3821 aliena
979 3756 1095 3841 placet.

374 3863 409 3929 Si
424 3860 558 3946 cupidus
572 3858 669 3923 luerit
683 3857 791 3936 bostis,
807 3870 958 3922 caveatur
971 3870 1008 3923 ut
1022 3858 1130 3939 hostis,

417 3964 451 4030 Si
466 3963 507 4028 sit
520 3963 653 4040 amicus,
668 3983 708 4026 eo
722 3961 844 4026 cautior
858 3983 927 4026 esse
942 3963 1045 4028 stude.

372 4065 488 4134 Jurat?
509 4064 604 4130 erede
620 4062 745 4141 minus3
766 4085 830 4127 non
841 4062 956 4149 jurat?
978 4065 1108 4132 credere
1123 4069 1206 4148 noli;

415 4175 437 4236 J
439 4180 519 4247 uret,
537 4189 599 4232 non
610 4167 711 4252 juret,
726 4165 824 4232 hostis
838 4168 879 4231 ab
895 4166 985 4232 hoste
1000 4190 1086 4234 cave.

374 4269 418 4340 Et
432 4270 534 4356 fugias
548 4292 628 4357 quos
641 4268 723 4333 livor
737 4269 823 4334 edax
837 4268 984 4334 felicibus
998 4270 1105 4336 hostes

420 4371 473 4436 Sic
487 4371 573 4448 facit,
590 4381 626 4435 ut
641 4370 739 4436 virtus
754 4371 882 4436 flectere
899 4371 988 4437 nulla
1002 4384 1110 4458 queat,
