3575 5575
336 799 407 844 cre.
423 781 500 859 x11.]
686 801 940 848 coerceremus.
1228 791 1288 850 311

334 951 500 1029 consistat,
517 965 553 1015 ut
574 953 693 1016 similia
711 975 751 1017 ex
774 955 933 1018 similibus
954 965 1169 1038 procreentur.
1215 958 1285 1022 Cae-

334 1064 434 1116 terum
447 1054 523 1136 quia
531 1055 714 1136 praesidum,
726 1066 759 1119 et
770 1057 903 1119 aliorum
908 1055 1066 1138 judicum,
1082 1078 1286 1121 communem

334 1174 404 1216 esse
418 1154 654 1236 inspectionem
669 1157 894 1240 praemisimus,
912 1157 1084 1239 aequitatis,
1100 1166 1133 1220 et
1147 1159 1288 1240 publicae

334 1255 451 1338 quietis
465 1256 602 1320 ministri
617 1270 702 1334 sunt,
718 1279 799 1340 quos
820 1268 909 1320 tanto
933 1257 1241 1342 circumspectiores,
1255 1270 1287 1324 et

333 1357 490 1420 cautiores
510 1367 636 1439 oportet
657 1379 738 1432 esse,
754 1358 920 1440 magisque
936 1359 1102 1436 sollicitos,
1118 1381 1183 1441 quo
1203 1360 1290 1424 illius

334 1442 532 1520 reserrentur
561 1459 714 1535 examini,
743 1458 837 1541 cujus
870 1459 1039 1541 prudentia
1069 1460 1290 1524 circumveniri

333 1579 400 1623 nou
421 1567 539 1641 potest,
562 1568 619 1623 aut
636 1558 763 1641 justitia
785 1561 965 1643 corrumpi:
989 1559 1045 1621 illo
1065 1562 1241 1639 obtinente,
1255 1573 1290 1625 ut

333 1658 367 1720 in
383 1678 448 1740 quo
465 1657 593 1742 judicio
609 1656 837 1742 judicaverint,
848 1657 1045 1741 judicentur,
1061 1671 1093 1722 et
1107 1680 1288 1723 mensuram

333 1759 453 1822 bonam
468 1769 500 1822 et
514 1759 699 1836 confertam,
710 1769 743 1822 et
757 1760 959 1840 coagitatam,
972 1769 1004 1822 et
1013 1761 1289 1843 supereffluentem

332 1859 367 1922 in
383 1861 471 1924 sinus
486 1881 561 1924 suos
575 1860 715 1945 ajudice
729 1860 815 1944 justo
829 1861 997 1944 recipiant.

334 2048 415 2131 Cap.
434 2053 484 2111 la.
508 2048 561 2112 De
584 2054 786 2110 eomomeato
800 2047 963 2126 judicum,
985 2057 1018 2110 et
1036 2050 1209 2112 collatione
1224 2050 1288 2130 Py-

376 2149 517 2229 thoporae
540 2148 770 2227 etAlecondri,
791 2158 824 2210 et
842 2149 878 2210 ia
900 2149 1014 2230 quibus
1034 2149 1127 2212 rebus
1144 2151 1288 2230 maliem

369 2251 525 2331 portibus
544 2251 653 2331 possit
666 2252 783 2334 fucere
798 2250 917 2328 jndae,
939 2260 973 2313 et
994 2252 1034 2314 de
1059 2251 1288 2333 quaestionibus

375 2354 543 2433 captiosis.

375 2479 429 2539 Er
453 2475 581 2561 quidem
599 2474 728 2558 judices
750 2484 949 2537 sacramento
971 2475 1099 2555 legibus
1119 2475 1288 2557 alligantur

327 2579 437 2664 jurati,
465 2576 543 2658 quia
571 2576 657 2637 omni
679 2576 776 2638 modo
799 2574 961 2658 judicium
989 2598 1063 2640 curn
1091 2576 1232 2653 veritate,
1254 2583 1286 2639 et

332 2681 440 2759 legum
471 2675 693 2739 observatione
727 2674 909 2756 disponent.
954 2677 1031 2757 Ipso
1062 2695 1190 2757 quoque
1215 2675 1288 2758 jure

333 2789 463 2842 cautum
495 2786 555 2850 est,
584 2786 621 2839 ut
650 2796 812 2837 sacrorum
843 2773 1092 2856 Evangeliorum
1121 2775 1287 2858 scripturae

333 2879 500 2952 terribiles,
522 2889 596 2940 ante
616 2876 726 2940 sedem
744 2876 930 2961 judicialem
952 2876 1163 2959 deponantur,
1176 2877 1287 2958 ibique

333 2980 375 3043 ab
400 2980 492 3042 initio
517 2978 634 3055 litium,
656 2976 698 3041 ad
723 2977 820 3039 finem
850 2999 953 3061 usque
979 2987 1198 3061 permaneant,
1223 2998 1285 3041 nco

334 3089 553 3153 amoveantur,
576 3080 638 3142 nisi
661 3080 819 3142 sententie
841 3080 983 3158 recitata,
1006 3100 1068 3163 quo
1089 3080 1189 3142 totius
1211 3100 1287 3140 con·

333 3181 452 3245 sistorii
477 3180 624 3257 latitudo,
640 3181 704 3243 Dei
726 3181 829 3263 ipsius
844 3182 965 3263 repleta
980 3179 1159 3263 prasentia,
1184 3180 1286 3241 omni-

333 3285 396 3346 bus
422 3282 464 3345 ad
491 3293 710 3345 sacrosanctas
734 3282 907 3365 scripturas
936 3291 1056 3344 metum
1081 3282 1226 3355 incutiat,
1255 3290 1288 3343 et

333 3383 551 3459 reverentiam,
577 3393 611 3446 et
635 3385 675 3446 ab
701 3383 908 3465 inquisitione
935 3383 1073 3446 veritatis
1100 3383 1203 3445 omnis
1229 3382 1289 3445 ini-

333 3485 440 3569 quitas
468 3486 680 3567 propulsetur.
734 3486 857 3547 Omnes
880 3505 1010 3568 quoque
1034 3486 1138 3547 carnis
1161 3494 1193 3547 et
1216 3504 1290 3546 san·

334 3585 451 3667 guinis,
472 3586 584 3666 religio
598 3585 781 3667 judiciaria,
802 3588 952 3669 propellit
970 3588 1113 3663 affectus,
1130 3606 1289 3648 evacuans

334 3688 413 3748 iram
436 3697 471 3748 et
495 3685 617 3759 odium,
643 3696 765 3749 metum
790 3698 823 3750 et
849 3688 1044 3749 amicitiam:
1072 3687 1159 3770 quia,
1185 3700 1219 3749 ut
1245 3686 1289 3750 ait

330 3787 441 3850 Julius
464 3786 583 3864 Caesar,
606 3786 694 3848 haud
717 3787 811 3850 facile
844 3788 970 3849 animus
997 3808 1103 3849 verum
1133 3785 1290 3868 providet,

334 3888 391 3951 ubi
420 3888 482 3951 ista
509 3886 695 3969 proficiunt.
755 3889 845 3951 Hinc
874 3899 924 3951 est
961 3887 1042 3950 illud
1076 3888 1290 3969 proverbium,

335 3999 464 4053 auctore
481 3989 639 4053 Cicerone
655 3989 744 4073 apud
755 3989 905 4073 antiquos
917 3988 1175 4053 celeberrimum:
1201 3992 1291 4054 exuit

336 4112 506 4173 personam
515 4090 648 4175 judicis,
674 4090 822 4175 quisquis
836 4091 976 4155 amicum
1002 4090 1116 4153 induit.
1142 4092 1290 4174 AEquitas

335 4191 423 4253 enim
438 4193 492 4255 cui
512 4192 617 4277 judex
643 4193 833 4275 obsequium
850 4192 957 4270 debet,
972 4191 1038 4255 odii
1053 4192 1222 4271 sinistram,
1237 4200 1293 4255 aut

336 4291 454 4353 amoris
467 4290 614 4356 dextram
630 4294 743 4358 nescit.
789 4296 873 4359 Nam
890 4316 910 4357 a
929 4294 1058 4357 veritate
1079 4314 1144 4355 non
1163 4295 1240 4356 licet
1258 4294 1293 4354 in

331 4390 468 4474 judiciis
494 4392 664 4459 declinare.
722 4397 768 4459 Ut
791 4417 864 4459 vero
889 4396 1061 4478 plurimum
1092 4394 1293 4475 indulgeatur
