3575 5575
101 161 459 176 —vne—-fflr-v-flv--wr
465 161 814 174 --u--wm—
821 161 1425 176 W—m-——v--u—-r-v—---
1435 163 1474 168 ----
1483 161 1532 169 Ἰ--ν-

405 326 648 582 illino
811 345 1210 594 ,lqe‘eaoaa

223 569 845 884 papyam

740 825 876 882 rennuis
892 831 1169 880 ssansnnnrnusrs
1293 813 1374 898 [cro.
1391 832 1427 883 11.

477 986 630 1061 infinitus,
647 988 706 1051 nisi
721 987 808 1072 apud
831 987 987 1050 infinitam
1009 988 1194 1072 sapientiam
1215 986 1287 1049 Dei.
1333 987 1429 1049 Inde·

476 1090 584 1154 ficiens
600 1112 677 1175 ergo
697 1091 827 1154 scientia
847 1106 906 1165 est,
921 1089 974 1152 cui
993 1087 1072 1151 nihil
1092 1103 1202 1151 eorum
1226 1087 1375 1164 elabitur,
1396 1102 1428 1151 et

475 1185 604 1256 omnino
619 1206 827 1277 augmentum
847 1214 910 1256 non
929 1190 1053 1276 recipit,
1069 1213 1142 1275 quae
1160 1213 1198 1252 ea
1216 1189 1322 1251 omnia
1343 1213 1428 1252 com-

476 1293 654 1378 prehendit.
714 1292 882 1357 Rationem
915 1315 990 1355 vero
1019 1314 1141 1370 eorum,
1165 1313 1241 1376 quoe
1270 1292 1360 1355 Deus
1385 1293 1427 1356 ab

477 1409 595 1460 aeterno
630 1397 662 1460 in
700 1397 866 1483 sapientia,
903 1396 936 1460 id
967 1409 1026 1475 est,
1061 1395 1092 1458 in
1128 1393 1295 1477 unigenito
1329 1395 1427 1458 verbo

476 1497 643 1584 disposuit,
671 1521 779 1562 creans
808 1498 853 1562 ibi
884 1498 991 1561 omnia
1025 1496 1131 1572 simul,
1161 1519 1256 1581 quam
1289 1509 1429 1581 postmo-

475 1599 552 1662 dum
588 1612 819 1682 consequenter
853 1598 1002 1685 producit
1040 1599 1073 1661 in
1110 1619 1218 1684 opera,
1253 1598 1428 1660 secundum

474 1699 634 1784 provisum
657 1697 800 1762 ordinem
823 1696 950 1784 singula
971 1697 1144 1761 traducens
1169 1720 1188 1760 a
1213 1698 1428 1781 generatione,

475 1823 539 1886 qua
553 1800 707 1885 incipiunt
723 1823 790 1864 esse
809 1823 867 1886 per
882 1811 1011 1878 sortem,
1024 1821 1091 1884 qna
1106 1798 1263 1863 fluctuare
1278 1798 1429 1864 videntur

474 1903 600 1966 casibus
621 1901 661 1965 ad
684 1903 934 1986 corruptionem,
948 1924 1023 1986 qnae
1044 1903 1137 1987 quasi
1159 1901 1315 1966 existendi
1339 1902 1428 1966 iilum

475 2002 700 2088 praescindens,
716 2003 854 2067 retrudit
876 2003 918 2066 ad
941 2025 1005 2066 non
1026 2025 1104 2082 esse,
1124 2004 1240 2066 Parcas
1263 2002 1313 2065 vel
1337 2004 1430 2082 Fata,

476 2102 614 2188 antiquis
643 2102 765 2188 placuit
795 2102 961 2187 appellari,
990 2126 1029 2165 eo
1065 2103 1153 2188 quod
1187 2105 1430 2168 constitutiones

475 2205 686 2292 providentia>
710 2204 785 2281 Dei,
807 2204 887 2289 quin
909 2205 1036 2269 effectui
1057 2206 1290 2292 mancipentur,
1314 2208 1430 2271 nemini

475 2321 619 2394 parcant,
634 2319 667 2371 et
681 2330 701 2370 a
715 2307 814 2370 verbo
831 2307 904 2382 Dei,
920 2330 984 2391 qno
1000 2307 1193 2372 aeternaliter
1207 2309 1313 2371 omnia
1335 2309 1431 2388 dixit,

475 2423 507 2474 et
536 2409 623 2474 facta
654 2423 741 2487 sunt,
770 2409 967 2474 executionis
995 2408 1230 2474 firmamentum
1263 2411 1429 2497 accipiant.

475 2513 573 2578 Unde
589 2511 715 2579 Stoicus
729 2513 835 2575 omnia
854 2512 1030 2576 necessaria
1052 2511 1164 2589 credit,
1181 2513 1296 2576 timens
1317 2536 1429 2577 eracu-

474 2615 519 2680 ari
535 2637 626 2698 posse
637 2613 799 2677 scientiam
810 2612 1051 2678 immutabilem.
1090 2615 1120 2676 Ε
1133 2627 1243 2678 contra
1254 2615 1428 2699 Epicurus,

473 2739 582 2780 eorum
598 2737 672 2803 quae
686 2714 837 2779 eveniunt
859 2715 940 2778 nihil
956 2714 1167 2800 providentiae
1182 2715 1303 2779 ratione
1318 2716 1428 2803 dispo-

473 2819 581 2900 situm,
590 2840 629 2881 ne
638 2818 721 2882 sorte
730 2817 949 2882 necessitatem
959 2817 1169 2881 mutabilibus
1180 2818 1276 2881 rebus
1284 2818 1428 2895 inducat,

472 2921 632 3005 opinatur.
691 2918 765 2983 Pari
786 2941 864 3001 ergo
892 2941 998 2982 errore
1019 2918 1193 3005 desipiunt,
1223 2943 1325 3005 quum
1348 2919 1429 2984 alter

473 3021 570 3095 casui,
594 3019 675 3084 alter
700 3019 879 3082 necessitati
905 3020 1053 3083 universa
1078 3020 1236 3107 subjiciat.
1283 3021 1429 3085 Mutabi-

474 3123 551 3187 lium
564 3122 662 3207 igitur
677 3143 784 3184 rerum
795 3120 974 3205 dispositio,
985 3123 1192 3187 immutabilis
1203 3137 1251 3188 est
1259 3148 1268 3201 ;
1293 3137 1326 3188 et
1338 3135 1430 3187 aeter·

473 3247 524 3287 nae
538 3222 748 3309 providentiae
769 3221 979 3291 immutabilis
1001 3236 1115 3303 status,
1128 3228 1269 3289 omnium
1292 3225 1431 3290 mutabi-

474 3324 553 3389 lium
568 3326 708 3388 continet
720 3346 859 3388 cursum.
906 3325 1013 3400 Quum
1024 3347 1098 3387 vero
1108 3324 1178 3411 ipsa
1188 3326 1230 3389 ab
1239 3325 1427 3389 aternitatis

474 3450 541 3493 suae
556 3439 641 3491 statu
658 3427 776 3490 moveri
788 3449 851 3490 non
867 3428 979 3511 possit,
990 3429 1242 3511 contingentium
1258 3429 1370 3492 seriem
1388 3427 1429 3490 ab

473 3532 560 3593 omni
583 3552 667 3591 nexu
690 3528 885 3591 necessitatis
906 3529 1054 3592 absolvit.
1099 3531 1144 3593 Et
1167 3530 1240 3594 licet
1263 3530 1319 3594 lux
1342 3529 1426 3592 inac-

472 3630 625 3695 cessibilis
649 3630 813 3715 sapientire
842 3632 906 3694 Dei
935 3631 1084 3695 humanae
1110 3632 1250 3695 scientiae
1278 3632 1426 3696 tenebras

471 3722 761 3815 incomparabiliter
775 3730 954 3807 antecedat,
968 3745 1015 3795 est
1032 3746 1137 3796 tamen
1153 3731 1185 3795 in
1207 3755 1274 3818 quo
1288 3730 1428 3795 claritati

471 3833 565 3909 illius,
574 3832 718 3917 caliginis
729 3845 845 3897 nostrae
854 3834 967 3898 oculus
978 3834 1085 3921 quoad
1095 3834 1219 3920 aliquid
1230 3845 1428 3919 coaequatur.

472 3936 563 4000 Sicut
584 3936 667 3998 enim
690 3935 778 4020 quod
801 3935 894 4000 video
916 3936 1093 4017 imminere,
1113 3940 1204 4001 nulla
1224 3960 1264 3999 ex
1288 3960 1327 4001 eo
1348 3935 1428 4020 quia

472 4036 611 4111 ridetur,
621 4037 807 4101 necessitate
821 4039 998 4123 proveniet,
1011 4039 1056 4100 sic
1066 4054 1099 4101 et
1115 4036 1205 4121 quod
1217 4037 1304 4100 illius
1314 4037 1428 4100 oculus

471 4138 716 4224 contemplatur,
746 4160 808 4200 non
839 4153 887 4203 est
916 4141 1126 4203 necessarium
1156 4139 1292 4203 evenire.
1353 4139 1427 4202 Scia

415 4232 450 4381 u
471 4238 619 4324 equidem
637 4236 774 4321 lapidem
790 4237 840 4299 vel
863 4238 1023 4323 sagittam,
1041 4261 1137 4324 quam
1159 4240 1194 4319 in
1215 4240 1317 4303 nubes
1334 4240 1428 4325 jacu-

425 4378 454 4434 3,
472 4338 557 4402 latus
578 4361 663 4414 sum,
678 4336 827 4421 exigente
848 4350 965 4401 natura
986 4362 1164 4403 recasuram
1187 4340 1220 4403 in
1243 4352 1371 4420 terram,
1392 4340 1426 4402 in

420 4410 457 4520 ii
472 4463 567 4527 quam
589 4439 738 4505 feruntur
758 4439 865 4504 omnia
885 4454 967 4505 nutu
990 4464 1048 4506 suo
1070 4442 1225 4528 pondera,
1238 4464 1297 4505 nec
1320 4455 1427 4506 tamen
