3575 5575
483 749 548 808 248
741 761 878 807 scaurus
894 761 1172 808 sanssunnrnnsrs
1294 742 1437 823 [univ.

457 963 461 967 ,
485 916 569 980 inter
590 912 806 1000 vapulandum
823 913 891 999 jam
918 934 980 976 uon
1004 911 1218 998 querimonias
1241 923 1273 975 et
1299 913 1438 996 gemitus

485 1018 699 1103 ejulatusque,
719 1015 774 1080 sed
790 1016 889 1080 verba
909 1014 1000 1091 seria,
1022 1026 1053 1078 et
1076 1013 1297 1100 objurgatoria
1313 1012 1435 1100 jacula-

485 1118 592 1183 batur.
622 1117 690 1180 Nec
701 1115 916 1180 itasehabere
927 1113 1147 1187 Plutarchum,
1159 1124 1196 1177 ut
1207 1111 1437 1197 Philosophum

486 1219 632 1283 deceret:
655 1217 748 1281 irasci
768 1229 862 1303 turpe
876 1237 954 1295 esse,
969 1214 997 1278 ei
1022 1213 1209 1300 prasertim,
1225 1214 1282 1300 qui
1301 1213 1342 1276 de
1357 1211 1441 1276 malo

485 1320 543 1384 irae
572 1323 690 1404 saepius
720 1318 954 1396 dissertaverat,
980 1315 1163 1402 librumque
1189 1312 1437 1402 pulcherrimum

486 1421 654 1507 scripserat
673 1421 713 1485 de
732 1419 901 1485 Patientia.
949 1417 1130 1505 Adjiciebat
1150 1440 1216 1482 esse
1236 1417 1436 1502 probrosum,

488 1521 575 1608 quod
590 1522 767 1586 doctrinam
788 1542 877 1585 suam
902 1520 1046 1584 moribus
1065 1519 1286 1606 impugnabat,
1300 1541 1338 1582 eo
1353 1517 1439 1604 quod

487 1622 636 1688 amentis
657 1621 841 1707 integritate
862 1622 1042 1706 prolapsus,
1058 1620 1178 1684 effusus
1197 1632 1229 1684 et
1249 1617 1438 1705 provolutus

489 1725 521 1788 in
548 1724 638 1799 iram,
664 1723 811 1810 pluribus
835 1722 940 1810 plagis
969 1721 1139 1792 mulctaret
1164 1720 1339 1786 innoxium.
1383 1720 1439 1783 Ad

488 1828 558 1891 haec
579 1826 784 1902 Plutarchus,
799 1824 884 1889 lente
905 1825 1036 1911 quidem
1053 1836 1086 1888 et
1102 1824 1225 1900 leniter,
1241 1823 1296 1887 sed
1319 1843 1442 1887 summa

489 1952 561 1994 cum
589 1927 758 2012 gravitate,
786 1927 954 2012 Numquid
986 1925 1076 2011 quod
1104 1925 1238 2012 vapulas
1265 1923 1324 1989 tibi
1349 1923 1440 1988 irasci

488 2029 623 2093 videor?
647 2030 763 2092 Est-ne
777 2028 826 2091 ira
840 2050 911 2092 mea
927 2028 952 2092 si
967 2051 987 2091 a
1001 2049 1051 2092 me
1066 2027 1211 2093 debitum
1227 2026 1363 2114 recipis?
1385 2028 1437 2091 Ex

489 2129 624 2195 vultune
643 2151 725 2206 meo,
740 2151 780 2193 an
804 2152 843 2194 ex
860 2151 949 2206 voce,
964 2151 1004 2193 an
1027 2152 1068 2193 ex
1090 2129 1205 2207 colore,
1221 2151 1260 2192 au
1282 2131 1377 2193 etiam
1400 2151 1441 2192 ex

490 2232 606 2309 verbis,
628 2231 676 2296 ira
697 2253 747 2294 me
768 2243 957 2318 corruptum
979 2218 1134 2316 intelligis
1153 2244 1210 2296 aut
1232 2234 1438 2316 correptum?

489 2332 573 2398 Mihi
595 2332 725 2417 quidem
746 2355 850 2419 neque
871 2333 956 2398 oculi
978 2333 1092 2420 opinor
1114 2344 1217 2398 truces
1237 2345 1323 2407 sunt,
1338 2354 1441 2418 neque

490 2457 526 2498 os
540 2433 718 2507 turbidum,
732 2455 835 2519 neque
852 2434 987 2499 inaniter
1003 2434 1117 2513 clamo,
1128 2456 1233 2520 neque
1247 2434 1280 2498 in
1296 2455 1441 2520 spumam

491 2534 704 2620 ruboremque
718 2533 871 2613 fervesco,
887 2558 991 2624 neque
1014 2536 1166 2622 pudenda
1185 2535 1256 2600 dico
1271 2547 1328 2600 aut
1342 2534 1444 2620 poeui-

492 2637 597 2716 tenda,
619 2661 723 2724 neque
748 2640 877 2702 omnino
899 2639 1026 2725 trepido
1049 2642 1096 2704 ira
1119 2654 1174 2704 aut
1197 2641 1309 2724 gestio.
1360 2639 1442 2702 Haec

489 2738 596 2804 omnia
610 2741 744 2826 quippe,
757 2741 783 2803 si
798 2738 910 2820 nescis,
926 2738 1017 2823 signa
1030 2737 1149 2805 irarum
1165 2761 1232 2804 esse
1246 2739 1359 2805 solent.
1396 2739 1442 2803 Et

491 2840 585 2905 simul
600 2840 728 2907 adeum
744 2844 802 2927 qui
814 2842 957 2907 caedebat
968 2864 1148 2921 conversus,
1163 2842 1297 2909 Interim
1311 2842 1443 2929 (inquit)

491 2941 569 3006 dum
585 2965 645 3027 ego
666 2956 764 3029 atque
786 2944 838 3007 hic
857 2944 1070 3031 disputamus,
1087 2958 1123 3010 tu
1139 2945 1200 3009 hoc
1222 2969 1301 3032 age3
1330 2958 1363 3011 et
1377 2945 1444 3010 sine

491 3044 653 3108 iracundia
668 3066 738 3110 mea
761 3046 898 3111 retunde
913 3046 1057 3111 servilem
1080 3051 1324 3128 contumaciam,
1338 3060 1369 3113 et
1384 3046 1445 3112 ini·

491 3169 592 3231 quum
618 3147 773 3233 poenitera
799 3147 912 3212 doceas
938 3149 1050 3235 magis,
1079 3173 1176 3237 quam
1201 3152 1347 3237 jurgare.
1393 3148 1445 3212 Sic

493 3245 693 3312 Plutarchus.
740 3249 778 3311 ln
794 3270 860 3334 quo
875 3248 1018 3313 nonnihil
1033 3248 1220 3313 eruditionis
1234 3247 1380 3313 relictum
1396 3259 1444 3310 est

492 3348 651 3428 omnibus,
665 3349 722 3434 qui
737 3351 770 3413 in
784 3349 980 3417 sublimitate
994 3364 1078 3417 sunt.

491 3706 571 3793 Cap.
589 3710 617 3769 9.
644 3704 734 3773 Quid
746 3707 789 3769 ait
803 3705 964 3769 declinare
978 3705 1022 3767 ad
1042 3706 1188 3768 deutrum
1203 3706 1253 3769 vel
1267 3707 1447 3781 sinistram,

746 3808 831 3889 quod
840 3807 989 3892 principi
1003 3806 1200 3887 prohibetur.

535 3965 728 4031 SEQUITUR:
753 3966 867 4047 Neque
882 3960 1019 4025 declinet
1034 3960 1066 4024 in
1084 3974 1208 4047 partem
1224 3961 1384 4040 dextram,
1396 3964 1446 4027 vel

495 4062 662 4126 sinistram.
708 4061 763 4126 Ad
775 4061 922 4128 dextram
937 4062 1095 4126 declinare
1111 4074 1170 4142 est,
1182 4061 1358 4127 virtutibus
1371 4066 1447 4149 ipsis

496 4165 696 4229 vehementer
718 4163 872 4230 insistere.
918 4164 968 4229 Ad
990 4163 1136 4227 dextram
1160 4162 1318 4227 declinare
1339 4176 1398 4240 est,
1413 4164 1446 4228 in

436 4315 440 4321 ·
494 4268 623 4333 virtutis
642 4265 793 4352 operibus
815 4290 888 4353 quae
910 4267 944 4330 in
967 4264 1062 4329 modo
1076 4264 1230 4345 consistit,
1246 4264 1377 4331 modum
1392 4288 1447 4330 ex-

495 4370 616 4439 cedere.
660 4367 773 4435 Omnis
789 4392 863 4435 vero
879 4366 1076 4433 vehementia
1091 4369 1187 4433 saluti
1202 4366 1331 4433 inimica
1344 4384 1403 4449 est,
1418 4378 1448 4431 et
