3575 5575
729 811 953 857 ENTHETICUS.

413 960 444 1023 A
459 982 524 1048 quo
537 970 605 1026 tota
618 960 677 1024 tibi
692 961 767 1043 vita,
781 961 929 1047 salusque
943 961 1048 1028 datur.

370 1059 404 1125 Si
419 1061 515 1127 facies
528 1062 576 1129 illi
591 1074 647 1127 tua
660 1062 818 1148 displicet,
833 1063 919 1128 unde
934 1063 1098 1149 placebit?

411 1162 491 1248 Ejus
505 1163 538 1229 in
554 1163 684 1229 arbitrio
694 1165 812 1252 jusque
827 1165 980 1253 favorque
994 1178 1138 1234 manent.

369 1262 466 1339 Quod
474 1265 622 1351 prohibet
633 1265 713 1342 fieri,
725 1265 827 1330 scelus
836 1277 899 1331 est:
916 1267 1000 1353 quod
1011 1267 1165 1355 praecipit,
1177 1290 1319 1356 oequum,

411 1366 553 1454 Juraque
568 1390 626 1454 pro
640 1368 758 1454 placito
772 1379 922 1455 stantque
937 1370 1121 1457 caduntque
1136 1394 1203 1437 suo.

369 1468 456 1535 Huic
470 1493 544 1557 quae
558 1471 625 1536 sola
639 1471 755 1557 placet,
772 1472 838 1536 sola
853 1472 972 1538 virtute
986 1473 1139 1559 placebis,

414 1572 499 1646 Quae
512 1573 572 1638 tibi
587 1572 613 1637 si
627 1573 720 1649 desit,
736 1584 854 1637 coetera
868 1584 984 1637 cuncta
1000 1586 1125 1640 nocent.

369 1671 448 1737 Jura
463 1671 549 1753 colit,
562 1694 675 1758 pacem
691 1672 813 1754 statuit,
828 1672 1006 1760 fundatque
1021 1675 1175 1761 quietem,

413 1773 458 1838 Et
471 1774 610 1839 tumidos
625 1774 732 1839 hostes
746 1785 855 1838 mente
871 1796 1034 1862 manuque
1049 1777 1168 1842 domat.

373 1875 439 1940 Sed
452 1898 509 1941 seu
519 1877 594 1961 jura
609 1885 732 1953 vocent,
748 1897 806 1940 seu
821 1874 970 1941 fulminet
985 1876 1069 1942 ensis
1083 1878 1116 1942 in
1131 1878 1247 1955 hostes,

413 1980 487 2042 Non
502 1977 562 2043 nisi
576 1990 685 2043 sancta
699 1977 794 2063 gerit,
809 1999 874 2042 non
889 1978 950 2043 nisi
966 1990 1075 2045 sancta
1088 1980 1212 2066 probat.

370 2080 490 2146 Confer
503 2080 534 2145 ei
548 2102 755 2168 quoscunque
771 2080 880 2160 duces,
895 2102 1103 2169 quoscunque
1117 2094 1275 2169 potantes,

413 2183 510 2248 Plebs
525 2183 585 2248 erit
599 2184 659 2248 hoc
673 2184 740 2248 viso
754 2182 893 2248 maxima
908 2184 1003 2249 turba
1017 2185 1145 2251 ducum.

371 2287 406 2352 Si
422 2309 511 2371 reges
526 2287 644 2361 videas,
660 2286 739 2373 quid
752 2286 793 2351 ad
808 2286 894 2351 hunc
910 2288 970 2352 nisi
984 2290 1100 2354 rustica
1115 2288 1233 2354 turba?

413 2389 457 2455 Et
471 2389 565 2467 bene,
580 2390 606 2454 si
621 2389 683 2453 diei
700 2389 816 2454 rustica
831 2389 926 2454 turba
939 2403 1073 2477 queunt.

371 2490 629 2579 Particulamque
644 2490 692 2555 tui
706 2503 964 2577 praemonstrans,
980 2494 1143 2579 experiere

411 2591 496 2668 Quae
509 2602 639 2658 maneat
652 2603 755 2658 totum
771 2592 883 2677 gratia,
899 2593 950 2658 vel
965 2595 1037 2681 quis
1052 2595 1161 2661 honor.

370 2695 403 2759 Si
418 2693 524 2780 placet
536 2694 618 2771 baec,
633 2704 719 2758 totus
733 2694 851 2779 poteris
865 2693 996 2758 fortasse
1012 2706 1140 2781 paterer

413 2796 479 2861 Sed
493 2797 519 2861 si
533 2796 710 2881 displiceat,
724 2805 831 2860 cetera
845 2795 959 2860 claude
974 2807 1059 2882 toga.

368 2898 477 2963 Verba
491 2897 656 2963 salutantis
670 2897 734 2962 sint
748 2896 868 2983 prima;
889 2897 1026 2964 subinde
1038 2899 1171 2980 facetus,

411 3003 463 3064 Te
478 2999 569 3065 dabis
581 2999 755 3086 obsequiis,
769 2998 1007 3087 hospitiumque
1022 3011 1122 3086 pates.

368 3099 442 3166 Non
457 3101 561 3185 gravis
575 3099 689 3186 hospes
704 3099 776 3177 eris,
793 3110 936 3187 potuque
951 3100 1088 3188 ciboque
1114 3100 1278 3167 verendus

413 3202 556 3267 Sufficiet
570 3202 664 3268 vestis
679 3223 744 3266 non
759 3202 903 3288 preciosa
917 3202 986 3268 tibi.

369 3303 442 3369 Non
457 3302 597 3368 oneraris
611 3300 713 3390 equis,
730 3301 875 3388 phaleras
891 3324 952 3367 nec
966 3304 1069 3389 poscis
1082 3327 1250 3392 equorum,

410 3405 481 3470 Nec
496 3416 529 3470 ts
544 3425 704 3471 servorum
722 3404 813 3490 eopia
827 3411 945 3489 magna
959 3405 1085 3491 premit.

370 3505 513 3571 Sufficiet
526 3506 578 3572 vel
591 3506 659 3572 sola
673 3506 797 3586 domus,
813 3505 962 3593 visusque
979 3507 1114 3592 patroni,

412 3608 491 3694 Ejus
505 3619 539 3672 et
553 3608 703 3695 alloquio,
718 3608 913 3695 consilioque
928 3607 1001 3675 frui.

369 3709 469 3776 Curia
482 3710 560 3797 quid
574 3711 681 3795 possit.
697 3710 774 3796 quid
789 3721 895 3795 speret
909 3709 1009 3796 plebs,
1025 3699 1082 3774 ubi
1097 3711 1187 3793 regni

412 3811 516 3889 Vires,
531 3832 596 3875 una
608 3810 722 3875 demus
736 3811 803 3874 sola
816 3810 932 3874 docere
945 3820 1058 3894 potest.

370 3914 406 3979 Si
419 3912 598 3978 develatam
614 3910 728 3976 faciem
744 3910 976 3988 monstraverit,
992 3923 1048 3976 aut
1061 3933 1126 3976 nou

412 4014 620 4100 Praestringat
634 4014 736 4080 visum
751 4013 890 4078 cassibus
905 4013 959 4077 ille
975 4024 1078 4089 tuum,

368 4118 458 4195 Quid
472 4116 596 4203 sapiens
610 4117 707 4182 stulto
722 4116 839 4196 differt,
854 4115 933 4203 quid
947 4137 1087 4202 paupere
1102 4117 1201 4199 dives,

410 4218 498 4295 Quid
512 4219 629 4284 misero
643 4217 743 4284 felix?
764 4219 789 4284 si
804 4218 886 4304 sapis
901 4239 976 4283 ecce
991 4217 1090 4286 videa.

371 4319 404 4382 Si
420 4319 516 4384 fuerit
529 4321 632 4398 laetus,
648 4321 756 4386 oculos
771 4342 928 4408 auresque
942 4320 1080 4386 libenter

413 4419 561 4505 Exponet
575 4423 668 4506 nugis
683 4422 810 4488 forsitan
827 4422 881 4487 ille
897 4421 969 4488 tuis.

816 4544 834 4584 a
851 4531 870 4584 ‘2
