3575 5575
487 817 550 876 222
743 830 878 876 roanms
894 829 1170 875 sinusnnmensm
1293 813 1375 892 [nro.
1392 835 1434 880 iv.

483 980 593 1045 ducit?
616 981 846 1067 Ejusnamque
862 981 1009 1046 voluntas
1023 980 1055 1044 in
1071 981 1120 1044 his
1136 981 1198 1044 vim
1215 981 1310 1048 debet
1318 984 1435 1048 habere

477 1082 607 1169 judicii:
625 1095 657 1148 et
666 1082 934 1169 rectissimequod
942 1084 971 1146 ei
980 1082 1121 1168 placetin
1129 1083 1246 1147 talibus
1255 1082 1435 1168 legishabet

482 1183 634 1269 vigorem,
653 1207 691 1247 eo
710 1183 798 1271 quod
818 1185 860 1248 ab
879 1182 1041 1270 aequitatis
1061 1197 1165 1248 mente
1187 1185 1257 1269 ejus
1280 1187 1434 1252 sententia

483 1307 544 1348 non
560 1284 728 1350 discordet.
768 1290 818 1351 De
834 1288 926 1350 vultu
943 1298 1010 1365 tuo,
1021 1285 1138 1370 inquit,
1149 1285 1308 1371 judicium
1326 1309 1433 1351 meum

481 1388 624 1470 prodeat,
638 1386 722 1449 oculi
738 1389 786 1452 tui
800 1386 930 1450 videant
953 1386 1146 1471 aequitatem.
1191 1387 1215 1448 J
1218 1385 1301 1450 udex
1316 1387 1432 1452 etenim

480 1487 683 1573 incorruptus
697 1500 756 1564 est,
771 1488 865 1573 cnjus
879 1487 1036 1552 sententia
1050 1509 1089 1550 ex
1106 1487 1370 1572 contemplatione
1385 1509 1433 1552 as-

480 1585 580 1668 sidua,
590 1591 696 1674 imago
706 1601 756 1653 est
771 1588 942 1674 requitatis.
975 1587 1203 1673 Publicaeergo
1216 1589 1364 1653 utilitatis
1375 1589 1434 1653 mi-

479 1691 624 1772 nister,et
632 1691 793 1777 requitatis
802 1713 912 1756 servus
922 1690 1171 1777 estprinceps,et
1180 1691 1212 1754 in
1222 1713 1432 1776 eopersonam

479 1793 639 1880 publicam
660 1792 753 1878 gerit,
768 1793 855 1879 quod
871 1793 1013 1856 omnium
1035 1791 1167 1879 injurias
1181 1805 1213 1856 et
1235 1792 1361 1870 damna,
1378 1793 1433 1858 sed

479 1906 511 1958 et
526 1891 656 1956 crimina
666 1892 771 1957 omnia
787 1891 938 1978 aequitate
949 1891 1053 1955 media
1068 1892 1169 1977 punit.
1193 1891 1293 1978 Virga
1304 1916 1433 1980 quoque

479 1994 549 2080 ejus
564 2007 596 2057 et
610 1992 755 2070 baculnS,
771 1993 916 2058 adhibita
937 1993 1152 2057 moderatione
1170 1995 1344 2081 sapientire,
1358 2018 1432 2060 con-

480 2107 600 2160 tractus
613 2095 754 2159 omnium
769 2108 800 2158 et
815 2117 937 2159 errores
952 2095 992 2159 ad
1010 2095 1092 2159 viam
1116 2096 1241 2162 reducit
1257 2100 1431 2183 aequitatis,

480 2208 517 2261 ut
542 2196 655 2260 merito
682 2199 832 2281 potestati
862 2196 992 2281 spiritus
1020 2199 1272 2283 congratuletur,
1301 2200 1428 2264 dicens:

479 2298 578 2384 Virga
592 2310 649 2364 tua
658 2309 689 2362 et
705 2298 838 2362 baculus
850 2314 927 2364 tuus
941 2301 1011 2384 ipsa
1021 2323 1072 2363 me
1083 2302 1243 2366 consolata
1257 2313 1342 2366 sunt.
1367 2301 1432 2366 Sed

477 2413 509 2466 ct
523 2401 655 2486 clypeus
669 2401 738 2487 ejus
752 2401 843 2466 fortia
857 2401 1000 2487 quidem,
1017 2402 1071 2466 sed
1089 2403 1284 2467 infirmorum
1301 2404 1431 2490 clypeus

477 2515 536 2584 est,
551 2517 582 2568 et
603 2503 659 2589 qui
681 2503 922 2588 malignantium
941 2505 1049 2591 jacula
1063 2527 1123 2588 pro
1143 2506 1361 2570 innocentibus
1375 2529 1431 2593 po-

479 2615 582 2670 tenter
596 2604 744 2690 excipiat.
789 2603 939 2670 Officium
956 2629 1086 2692 quoque
1109 2607 1177 2694 ejus
1191 2607 1253 2670 illis
1267 2609 1324 2693 qui
1340 2608 1431 2674 mini-

476 2729 565 2771 mum
580 2718 725 2794 possunt,
739 2707 915 2793 plurimum
938 2708 1079 2794 prodest,
1095 2721 1126 2773 et
1148 2708 1222 2791 illis,
1237 2709 1294 2796 qui
1317 2733 1430 2775 nocere

476 2809 668 2885 desiderant,
680 2808 852 2895 plurimum
862 2809 1062 2876 adversatur.
1085 2812 1158 2876 Non
1170 2836 1247 2897 ergo
1258 2812 1324 2877 sine
1335 2834 1430 2877 causa

476 2911 619 2996 gladium
634 2923 752 2997 portat,
768 2935 834 2997 quo
854 2913 1037 2977 iunocenter
1053 2914 1237 3000 sanguinem
1260 2915 1377 2993 fundit,
1394 2928 1431 2981 ut

477 3027 581 3078 tamen
605 3013 654 3077 vir
668 3014 859 3097 sanguinum
883 3036 946 3077 non
962 3014 1014 3095 sit,
1029 3024 1061 3077 et
1083 3016 1226 3081 homines
1247 3015 1431 3103 frequenter

476 3114 610 3192 occidat,
627 3125 664 3178 ut
679 3136 741 3179 non
756 3114 898 3180 incurrat
917 3138 1033 3180 nomen
1049 3116 1210 3181 homicidii
1231 3117 1281 3180 vel
1298 3131 1431 3184 reatum.

478 3216 511 3280 Si
526 3216 609 3280 enim
620 3240 737 3301 magno
751 3217 891 3283 creditur
908 3217 1105 3303 Augustino,
1119 3218 1225 3283 David
1241 3218 1290 3280 vir
1305 3220 1432 3302 sangui-

476 3336 552 3381 num
568 3317 674 3381 dlctus
689 3329 747 3395 est,
760 3341 822 3381 non
837 3330 969 3404 propter
985 3318 1078 3394 bella,
1091 3318 1145 3382 sed
1162 3328 1292 3404 propter
1305 3319 1428 3384 Uriam.

476 3419 522 3482 Et
545 3416 674 3483 Samuel
700 3442 856 3505 nusquam
887 3421 937 3483 vir
962 3420 1164 3504 sanguinum,
1186 3431 1244 3484 aut
1271 3418 1432 3485 homicida

476 3518 635 3595 scribitur,
658 3519 731 3584 licet
757 3524 850 3607 Agag
874 3520 1119 3607 pinguissimum
1145 3543 1250 3607 regem
1278 3521 1431 3586 Amalech

474 3620 679 3688 interfecerit.
718 3623 782 3688 Hic
797 3622 953 3709 siquidem
970 3622 1098 3708 gladius
1112 3615 1164 3688 est¹
1175 3621 1340 3699 columbae,
1358 3646 1431 3712 quae

475 3722 540 3786 sine
551 3721 624 3786 felle
633 3721 769 3799 rixatur,
781 3721 847 3785 sine
857 3722 1021 3787 iracundia
1033 3721 1118 3800 ferit,
1130 3736 1162 3789 et
1173 3746 1274 3810 quum
1289 3724 1429 3801 dimicat,

474 3823 594 3888 nullam
616 3824 744 3887 omnino
769 3824 908 3911 concipit
933 3825 1190 3891 amaritudinem.
1235 3830 1319 3891 Nam
1345 3823 1429 3890 sicut

475 3925 529 3989 lex
550 3926 661 4012 culpas
682 3926 885 4012 persequitur
908 3927 974 3993 sine
995 3928 1069 3993 odio
1091 3950 1309 4015 personarum,
1332 3926 1378 3991 ita
1398 3938 1431 3993 et

474 4024 621 4112 princeps
649 4024 872 4111 delinquentes
898 4029 1071 4092 rectissime
1099 4028 1206 4115 punit,
1233 4050 1295 4091 non
1320 4027 1430 4114 aliquo

473 4123 645 4190 iracundiae
667 4139 769 4207 motu,
784 4127 838 4191 sed
861 4144 1035 4193 mansuetae
1059 4129 1137 4214 legis
1157 4129 1301 4194 arbitrio.
1346 4129 1429 4193 Nam

473 4230 533 4293 etsi
553 4250 626 4292 suos
646 4226 794 4314 princeps
816 4230 963 4296 videatur
985 4231 1102 4295 habere
1124 4234 1261 4309 lictores,
1282 4231 1349 4317 ipse
1373 4242 1430 4295 aut

471 4331 556 4397 solus
577 4343 634 4395 aut
655 4329 836 4416 praecipuus
858 4330 1036 4395 credendus
1061 4343 1108 4397 est
1130 4333 1234 4412 lictor,
1256 4333 1308 4397 cui
1331 4332 1430 4397 ferire

472 4431 594 4499 licitum
620 4442 680 4508 est,
706 4452 763 4517 per
789 4432 988 4518 suppositam
1015 4455 1155 4497 manum.
1201 4434 1359 4515 Utenim
1385 4431 1428 4496 ad
