<?xml version="1.0" encoding="UTF-8"?>
<!DOCTYPE html PUBLIC "-//W3C//DTD XHTML 1.0 Transitional//EN"
    "http://www.w3.org/TR/xhtml1/DTD/xhtml1-transitional.dtd">
<html xmlns="http://www.w3.org/1999/xhtml" xml:lang="en" lang="en">
 <head>
  <title>
</title>
<meta http-equiv="Content-Type" content="text/html;charset=utf-8" />
  <meta name='ocr-system' content='tesseract 3.04.00' />
  <meta name='ocr-capabilities' content='ocr_page ocr_carea ocr_par ocr_line ocrx_word'/>
</head>
<body>
  <div class='ocr_page' id='page_1' title='image "./joannissaresber12johngoog_0030.png"; bbox 0 0 3575 5575; ppageno 0'>
   <div class='ocr_carea' id='block_1_1' title="bbox 513 776 1469 852">
    <p class='ocr_par' dir='ltr' id='par_1_1' title="bbox 513 776 1469 852">
     <span class='ocr_line' id='line_1_1' title="bbox 513 776 1469 852; baseline -0.004 -13"><span class='ocrx_word' id='word_1_1' title='bbox 513 778 556 841; x_wconf 72' lang='lat'><strong>20</strong></span> <span class='ocrx_word' id='word_1_2' title='bbox 777 793 916 837; x_wconf 78' lang='lat' dir='ltr'><strong>roaums</strong></span> <span class='ocrx_word' id='word_1_3' title='bbox 930 792 1210 838; x_wconf 74' lang='lat' dir='ltr'><strong>sanusnssreuns</strong></span> <span class='ocrx_word' id='word_1_4' title='bbox 1341 776 1426 852; x_wconf 77' lang='lat' dir='ltr'><strong>[tut.</strong></span> <span class='ocrx_word' id='word_1_5' title='bbox 1444 790 1469 836; x_wconf 85' lang='lat' dir='ltr'><strong>r.</strong></span> 
     </span>
    </p>
   </div>
   <div class='ocr_carea' id='block_1_2' title="bbox 507 945 1469 2446">
    <p class='ocr_par' dir='ltr' id='par_1_2' title="bbox 507 945 1469 2446">
     <span class='ocr_line' id='line_1_2' title="bbox 513 945 1465 1029; baseline -0.002 -21"><span class='ocrx_word' id='word_1_6' title='bbox 513 946 662 1029; x_wconf 89' lang='lat' dir='ltr'><strong>mysteria</strong></span> <span class='ocrx_word' id='word_1_7' title='bbox 685 946 781 1009; x_wconf 84' lang='lat' dir='ltr'><strong>variis</strong></span> <span class='ocrx_word' id='word_1_8' title='bbox 805 945 1031 1027; x_wconf 81' lang='lat' dir='ltr'><strong>figmentorum</strong></span> <span class='ocrx_word' id='word_1_9' title='bbox 1056 946 1230 1010; x_wconf 87' lang='lat' dir='ltr'><strong>involucris</strong></span> <span class='ocrx_word' id='word_1_10' title='bbox 1250 946 1465 1015; x_wconf 84' lang='lat' dir='ltr'><strong>obtexentes;</strong></span> 
     </span>
     <span class='ocr_line' id='line_1_3' title="bbox 512 1044 1466 1115; baseline -0.004 -4"><span class='ocrx_word' id='word_1_11' title='bbox 512 1049 559 1114; x_wconf 91' lang='lat' dir='ltr'><strong>sic</strong></span> <span class='ocrx_word' id='word_1_12' title='bbox 575 1057 682 1115; x_wconf 84' lang='lat' dir='ltr'><strong>tamen</strong></span> <span class='ocrx_word' id='word_1_13' title='bbox 698 1059 734 1111; x_wconf 91' lang='lat' dir='ltr'><strong>ut</strong></span> <span class='ocrx_word' id='word_1_14' title='bbox 755 1070 798 1115; x_wconf 84' lang='lat' dir='ltr'><strong>ex</strong></span> <span class='ocrx_word' id='word_1_15' title='bbox 814 1050 939 1112; x_wconf 88' lang='lat' dir='ltr'><strong>cautela</strong></span> <span class='ocrx_word' id='word_1_16' title='bbox 960 1049 1115 1111; x_wconf 89' lang='lat' dir='ltr'><strong>malorum</strong></span> <span class='ocrx_word' id='word_1_17' title='bbox 1138 1046 1312 1111; x_wconf 78' lang='lat' dir='ltr'><strong>utilitatem</strong></span> <span class='ocrx_word' id='word_1_18' title='bbox 1332 1044 1466 1109; x_wconf 90' lang='lat' dir='ltr'><strong>induce·</strong></span> 
     </span>
     <span class='ocr_line' id='line_1_4' title="bbox 512 1148 1469 1231; baseline -0.004 -18"><span class='ocrx_word' id='word_1_19' title='bbox 512 1158 593 1226; x_wconf 89' lang='lat' dir='ltr'><strong>rent,</strong></span> <span class='ocrx_word' id='word_1_20' title='bbox 614 1159 670 1213; x_wconf 85' lang='lat' dir='ltr'><strong>aut</strong></span> <span class='ocrx_word' id='word_1_21' title='bbox 692 1170 735 1211; x_wconf 87' lang='lat' dir='ltr'><strong>ex</strong></span> <span class='ocrx_word' id='word_1_22' title='bbox 755 1150 864 1231; x_wconf 89' lang='lat' dir='ltr'><strong>lepore</strong></span> <span class='ocrx_word' id='word_1_23' title='bbox 888 1148 1043 1231; x_wconf 90' lang='lat' dir='ltr'><strong>poematis</strong></span> <span class='ocrx_word' id='word_1_24' title='bbox 1063 1149 1267 1231; x_wconf 86' lang='lat' dir='ltr'><strong>voluptatem.</strong></span> <span class='ocrx_word' id='word_1_25' title='bbox 1312 1148 1353 1212; x_wconf 94' lang='lat' dir='ltr'><strong>In</strong></span> <span class='ocrx_word' id='word_1_26' title='bbox 1375 1166 1469 1210; x_wconf 89' lang='lat' dir='ltr'><strong>auras</strong></span> 
     </span>
     <span class='ocr_line' id='line_1_5' title="bbox 514 1249 1467 1334; baseline -0.002 -22"><span class='ocrx_word' id='word_1_27' title='bbox 514 1251 625 1334; x_wconf 89' lang='lat' dir='ltr'><strong>itaque</strong></span> <span class='ocrx_word' id='word_1_28' title='bbox 652 1261 778 1333; x_wconf 82' lang='lat' dir='ltr'><strong>raptum</strong></span> <span class='ocrx_word' id='word_1_29' title='bbox 801 1249 931 1313; x_wconf 87' lang='lat' dir='ltr'><strong>tradunt</strong></span> <span class='ocrx_word' id='word_1_30' title='bbox 955 1250 995 1313; x_wconf 87' lang='lat' dir='ltr'><strong>ab</strong></span> <span class='ocrx_word' id='word_1_31' title='bbox 1018 1249 1128 1333; x_wconf 88' lang='lat' dir='ltr'><strong>aquila</strong></span> <span class='ocrx_word' id='word_1_32' title='bbox 1150 1249 1349 1313; x_wconf 89' lang='lat' dir='ltr'><strong>Dardanium</strong></span> <span class='ocrx_word' id='word_1_33' title='bbox 1371 1266 1467 1312; x_wconf 85' lang='lat' dir='ltr'><strong>rena·</strong></span> 
     </span>
     <span class='ocr_line' id='line_1_6' title="bbox 513 1349 1467 1435; baseline -0.002 -21"><span class='ocrx_word' id='word_1_34' title='bbox 513 1363 615 1415; x_wconf 89' lang='lat' dir='ltr'><strong>torem</strong></span> <span class='ocrx_word' id='word_1_35' title='bbox 629 1349 672 1415; x_wconf 87' lang='lat' dir='ltr'><strong>ad</strong></span> <span class='ocrx_word' id='word_1_36' title='bbox 693 1351 822 1435; x_wconf 88' lang='lat' dir='ltr'><strong>pocula,</strong></span> <span class='ocrx_word' id='word_1_37' title='bbox 838 1373 857 1414; x_wconf 89' lang='lat' dir='ltr'><strong>a</strong></span> <span class='ocrx_word' id='word_1_38' title='bbox 871 1350 991 1433; x_wconf 89' lang='lat' dir='ltr'><strong>quibus</strong></span> <span class='ocrx_word' id='word_1_39' title='bbox 1010 1350 1053 1414; x_wconf 87' lang='lat' dir='ltr'><strong>ad</strong></span> <span class='ocrx_word' id='word_1_40' title='bbox 1072 1351 1202 1417; x_wconf 87' lang='lat' dir='ltr'><strong>illicitos</strong></span> <span class='ocrx_word' id='word_1_41' title='bbox 1224 1363 1256 1416; x_wconf 88' lang='lat' dir='ltr'><strong>et</strong></span> <span class='ocrx_word' id='word_1_42' title='bbox 1273 1350 1467 1415; x_wconf 76' lang='lat' dir='ltr'>innaturales</span> 
     </span>
     <span class='ocr_line' id='line_1_7' title="bbox 513 1452 1467 1538; baseline -0.003 -23"><span class='ocrx_word' id='word_1_43' title='bbox 513 1453 663 1518; x_wconf 81' lang='lat' dir='ltr'><strong>transiret</strong></span> <span class='ocrx_word' id='word_1_44' title='bbox 675 1454 853 1537; x_wconf 83' lang='lat' dir='ltr'><strong>amplexus.</strong></span> <span class='ocrx_word' id='word_1_45' title='bbox 886 1452 1062 1535; x_wconf 80' lang='lat' dir='ltr'>Eleganter</span> <span class='ocrx_word' id='word_1_46' title='bbox 1070 1454 1192 1537; x_wconf 91' lang='lat' dir='ltr'><strong>utique,</strong></span> <span class='ocrx_word' id='word_1_47' title='bbox 1204 1474 1304 1538; x_wconf 90' lang='lat' dir='ltr'><strong>quum</strong></span> <span class='ocrx_word' id='word_1_48' title='bbox 1314 1463 1345 1516; x_wconf 88' lang='lat' dir='ltr'><strong>et</strong></span> <span class='ocrx_word' id='word_1_49' title='bbox 1353 1452 1467 1515; x_wconf 89' lang='lat' dir='ltr'><strong>levitas</strong></span> 
     </span>
     <span class='ocr_line' id='line_1_8' title="bbox 511 1552 1466 1637; baseline -0.002 -23"><span class='ocrx_word' id='word_1_50' title='bbox 511 1552 584 1617; x_wconf 89' lang='lat' dir='ltr'><strong>ferri</strong></span> <span class='ocrx_word' id='word_1_51' title='bbox 608 1554 711 1637; x_wconf 89' lang='lat' dir='ltr'><strong>possit</strong></span> <span class='ocrx_word' id='word_1_52' title='bbox 736 1554 778 1616; x_wconf 87' lang='lat' dir='ltr'><strong>ab</strong></span> <span class='ocrx_word' id='word_1_53' title='bbox 804 1553 890 1627; x_wconf 87' lang='lat' dir='ltr'><strong>alite,</strong></span> <span class='ocrx_word' id='word_1_54' title='bbox 916 1566 949 1615; x_wconf 89' lang='lat' dir='ltr'><strong>et</strong></span> <span class='ocrx_word' id='word_1_55' title='bbox 974 1554 1122 1636; x_wconf 87' lang='lat' dir='ltr'><strong>voluptas</strong></span> <span class='ocrx_word' id='word_1_56' title='bbox 1149 1552 1329 1617; x_wconf 73' lang='lat' dir='ltr'><strong>sobrietatis</strong></span> <span class='ocrx_word' id='word_1_57' title='bbox 1354 1552 1466 1633; x_wconf 85' lang='lat' dir='ltr'><strong>ignara</strong></span> 
     </span>
     <span class='ocr_line' id='line_1_9' title="bbox 510 1651 1466 1740; baseline -0.001 -23"><span class='ocrx_word' id='word_1_58' title='bbox 510 1655 731 1740; x_wconf 89' lang='lat' dir='ltr'><strong>cujuscunque</strong></span> <span class='ocrx_word' id='word_1_59' title='bbox 752 1651 880 1717; x_wconf 90' lang='lat' dir='ltr'><strong>libidini</strong></span> <span class='ocrx_word' id='word_1_60' title='bbox 906 1654 1055 1736; x_wconf 86' lang='lat' dir='ltr'><strong>prostitui</strong></span> <span class='ocrx_word' id='word_1_61' title='bbox 1078 1674 1144 1719; x_wconf 91' lang='lat' dir='ltr'><strong>non</strong></span> <span class='ocrx_word' id='word_1_62' title='bbox 1171 1653 1338 1719; x_wconf 83' lang='lat' dir='ltr'><strong>erubescit</strong></span> <span class='ocrx_word' id='word_1_63' title='bbox 1384 1653 1466 1716; x_wconf 82' lang='lat' dir='ltr'><strong>Dux</strong></span> 
     </span>
     <span class='ocr_line' id='line_1_10' title="bbox 512 1755 1466 1839; baseline -0.004 -20"><span class='ocrx_word' id='word_1_64' title='bbox 512 1757 688 1821; x_wconf 83' lang='lat' dir='ltr'>Thebanus</span> <span class='ocrx_word' id='word_1_65' title='bbox 704 1756 770 1819; x_wconf 89' lang='lat' dir='ltr'><strong>visa</strong></span> <span class='ocrx_word' id='word_1_66' title='bbox 792 1755 936 1818; x_wconf 87' lang='lat' dir='ltr'><strong>nuditate</strong></span> <span class='ocrx_word' id='word_1_67' title='bbox 956 1756 1043 1820; x_wconf 90' lang='lat' dir='ltr'><strong>illius</strong></span> <span class='ocrx_word' id='word_1_68' title='bbox 1065 1778 1161 1839; x_wconf 89' lang='lat' dir='ltr'><strong>quam</strong></span> <span class='ocrx_word' id='word_1_69' title='bbox 1179 1757 1215 1819; x_wconf 93' lang='lat' dir='ltr'><strong>in</strong></span> <span class='ocrx_word' id='word_1_70' title='bbox 1233 1756 1321 1819; x_wconf 87' lang='lat' dir='ltr'><strong>silvis</strong></span> <span class='ocrx_word' id='word_1_71' title='bbox 1338 1773 1466 1838; x_wconf 89' lang='lat' dir='ltr'><strong>semper</strong></span> 
     </span>
     <span class='ocr_line' id='line_1_11' title="bbox 512 1854 1466 1938; baseline -0.003 -18"><span class='ocrx_word' id='word_1_72' title='bbox 512 1858 664 1934; x_wconf 87' lang='lat' dir='ltr'><strong>coluerat,</strong></span> <span class='ocrx_word' id='word_1_73' title='bbox 673 1877 772 1938; x_wconf 91' lang='lat' dir='ltr'><strong>quum</strong></span> <span class='ocrx_word' id='word_1_74' title='bbox 783 1857 823 1918; x_wconf 89' lang='lat' dir='ltr'><strong>ab</strong></span> <span class='ocrx_word' id='word_1_75' title='bbox 836 1875 941 1919; x_wconf 86' lang='lat' dir='ltr'><strong>errore</strong></span> <span class='ocrx_word' id='word_1_76' title='bbox 951 1854 1069 1938; x_wconf 90' lang='lat' dir='ltr'><strong>pedem</strong></span> <span class='ocrx_word' id='word_1_77' title='bbox 1080 1857 1130 1918; x_wconf 91' lang='lat' dir='ltr'><strong>sui</strong></span> <span class='ocrx_word' id='word_1_78' title='bbox 1143 1866 1308 1920; x_wconf 84' lang='lat' dir='ltr'><strong>revocaret</strong></span> <span class='ocrx_word' id='word_1_79' title='bbox 1321 1858 1466 1931; x_wconf 83' lang='lat' dir='ltr'><strong>affectus,</strong></span> 
     </span>
     <span class='ocr_line' id='line_1_12' title="bbox 510 1954 1463 2039; baseline 0 -20"><span class='ocrx_word' id='word_1_80' title='bbox 510 1957 571 2021; x_wconf 90' lang='lat' dir='ltr'><strong>sub</strong></span> <span class='ocrx_word' id='word_1_81' title='bbox 596 1956 737 2019; x_wconf 88' lang='lat' dir='ltr'><strong>humano</strong></span> <span class='ocrx_word' id='word_1_82' title='bbox 763 1974 859 2019; x_wconf 88' lang='lat' dir='ltr'><strong>seusu</strong></span> <span class='ocrx_word' id='word_1_83' title='bbox 885 1976 919 2017; x_wconf 92' lang='lat' dir='ltr'><strong>se</strong></span> <span class='ocrx_word' id='word_1_84' title='bbox 944 1954 979 2017; x_wconf 93' lang='lat' dir='ltr'><strong>in</strong></span> <span class='ocrx_word' id='word_1_85' title='bbox 1008 1956 1146 2018; x_wconf 88' lang='lat' dir='ltr'><strong>bestiam</strong></span> <span class='ocrx_word' id='word_1_86' title='bbox 1171 1957 1292 2039; x_wconf 87' lang='lat' dir='ltr'><strong>stupuit</strong></span> <span class='ocrx_word' id='word_1_87' title='bbox 1315 1958 1463 2021; x_wconf 87' lang='lat' dir='ltr'><strong>transfor·</strong></span> 
     </span>
     <span class='ocr_line' id='line_1_13' title="bbox 510 2055 1465 2140; baseline 0.001 -20"><span class='ocrx_word' id='word_1_88' title='bbox 510 2067 642 2134; x_wconf 90' lang='lat' dir='ltr'><strong>matum,</strong></span> <span class='ocrx_word' id='word_1_89' title='bbox 655 2056 821 2139; x_wconf 81' lang='lat' dir='ltr'><strong>cervisque</strong></span> <span class='ocrx_word' id='word_1_90' title='bbox 837 2055 1020 2135; x_wconf 83' lang='lat' dir='ltr'><strong>conformis,</strong></span> <span class='ocrx_word' id='word_1_91' title='bbox 1034 2078 1131 2140; x_wconf 90' lang='lat' dir='ltr'><strong>quum</strong></span> <span class='ocrx_word' id='word_1_92' title='bbox 1147 2056 1341 2123; x_wconf 88' lang='lat' dir='ltr'><strong>domesticos</strong></span> <span class='ocrx_word' id='word_1_93' title='bbox 1355 2080 1465 2136; x_wconf 86' lang='lat' dir='ltr'><strong>canes,</strong></span> 
     </span>
     <span class='ocr_line' id='line_1_14' title="bbox 509 2155 1462 2243; baseline 0.003 -23"><span class='ocrx_word' id='word_1_94' title='bbox 509 2178 588 2221; x_wconf 88' lang='lat' dir='ltr'><strong>voce</strong></span> <span class='ocrx_word' id='word_1_95' title='bbox 608 2166 640 2221; x_wconf 90' lang='lat' dir='ltr'><strong>et</strong></span> <span class='ocrx_word' id='word_1_96' title='bbox 659 2158 748 2220; x_wconf 86' lang='lat' dir='ltr'><strong>voltu</strong></span> <span class='ocrx_word' id='word_1_97' title='bbox 771 2155 923 2219; x_wconf 88' lang='lat' dir='ltr'><strong>niteretur</strong></span> <span class='ocrx_word' id='word_1_98' title='bbox 943 2157 1082 2237; x_wconf 80' lang='lat' dir='ltr'><strong>abigere,</strong></span> <span class='ocrx_word' id='word_1_99' title='bbox 1099 2157 1178 2220; x_wconf 90' lang='lat' dir='ltr'><strong>vitio</strong></span> <span class='ocrx_word' id='word_1_100' title='bbox 1200 2178 1307 2243; x_wconf 83' lang='lat' dir='ltr'><strong>pravae</strong></span> <span class='ocrx_word' id='word_1_101' title='bbox 1329 2180 1462 2223; x_wconf 89' lang='lat' dir='ltr'><strong>consue·</strong></span> 
     </span>
     <span class='ocr_line' id='line_1_15' title="bbox 507 2258 1462 2341; baseline 0.002 -20"><span class='ocrx_word' id='word_1_102' title='bbox 507 2258 641 2337; x_wconf 91' lang='lat' dir='ltr'><strong>tudinis,</strong></span> <span class='ocrx_word' id='word_1_103' title='bbox 662 2258 760 2322; x_wconf 89' lang='lat' dir='ltr'><strong>totius</strong></span> <span class='ocrx_word' id='word_1_104' title='bbox 780 2258 970 2322; x_wconf 74' lang='lat' dir='ltr'><strong>substantiae</strong></span> <span class='ocrx_word' id='word_1_105' title='bbox 991 2279 1057 2321; x_wconf 85' lang='lat' dir='ltr'><strong>suae</strong></span> <span class='ocrx_word' id='word_1_106' title='bbox 1078 2258 1258 2341; x_wconf 91' lang='lat' dir='ltr'><strong>dispendio,</strong></span> <span class='ocrx_word' id='word_1_107' title='bbox 1278 2260 1462 2325; x_wconf 88' lang='lat' dir='ltr'><strong>eorumdem</strong></span> 
     </span>
     <span class='ocr_line' id='line_1_16' title="bbox 507 2358 1462 2446; baseline 0.004 -25"><span class='ocrx_word' id='word_1_108' title='bbox 507 2359 666 2424; x_wconf 87' lang='lat' dir='ltr'><strong>morsibus</strong></span> <span class='ocrx_word' id='word_1_109' title='bbox 691 2359 804 2442; x_wconf 87' lang='lat' dir='ltr'><strong>patuit.</strong></span> <span class='ocrx_word' id='word_1_110' title='bbox 849 2360 895 2421; x_wconf 87' lang='lat' dir='ltr'><strong>Et</strong></span> <span class='ocrx_word' id='word_1_111' title='bbox 919 2358 998 2422; x_wconf 88' lang='lat' dir='ltr'><strong>sorte</strong></span> <span class='ocrx_word' id='word_1_112' title='bbox 1021 2358 1127 2423; x_wconf 88' lang='lat' dir='ltr'><strong>Deam</strong></span> <span class='ocrx_word' id='word_1_113' title='bbox 1152 2361 1357 2425; x_wconf 83' lang='lat' dir='ltr'><strong>venatoribus</strong></span> <span class='ocrx_word' id='word_1_114' title='bbox 1380 2382 1462 2446; x_wconf 74' lang='lat' dir='ltr'><strong>prm-</strong></span> 
     </span>
    </p>
   </div>
   <div class='ocr_carea' id='block_1_3' title="bbox 396 2458 1459 2545">
    <p class='ocr_par' dir='ltr' id='par_1_3' title="bbox 396 2458 1459 2545">
     <span class='ocr_line' id='line_1_17' title="bbox 396 2458 1459 2545; baseline 0 -18"><span class='ocrx_word' id='word_1_115' title='bbox 396 2520 399 2527; x_wconf 92' lang='lat'><em>.</em></span> <span class='ocrx_word' id='word_1_116' title='bbox 506 2460 620 2536; x_wconf 84' lang='lat' dir='ltr'><strong>lerunt,</strong></span> <span class='ocrx_word' id='word_1_117' title='bbox 636 2460 712 2545; x_wconf 90' lang='lat' dir='ltr'><strong>quia</strong></span> <span class='ocrx_word' id='word_1_118' title='bbox 727 2460 861 2524; x_wconf 91' lang='lat' dir='ltr'><strong>mollitie</strong></span> <span class='ocrx_word' id='word_1_119' title='bbox 876 2460 938 2524; x_wconf 91' lang='lat' dir='ltr'><strong>hac</strong></span> <span class='ocrx_word' id='word_1_120' title='bbox 955 2462 1004 2524; x_wconf 89' lang='lat' dir='ltr'><strong>vel</strong></span> <span class='ocrx_word' id='word_1_121' title='bbox 1018 2458 1140 2525; x_wconf 83' lang='lat' dir='ltr'><strong>malitia</strong></span> <span class='ocrx_word' id='word_1_122' title='bbox 1153 2462 1243 2525; x_wconf 87' lang='lat' dir='ltr'><strong>Deos</strong></span> <span class='ocrx_word' id='word_1_123' title='bbox 1258 2483 1335 2526; x_wconf 87' lang='lat' dir='ltr'><strong>suos</strong></span> <span class='ocrx_word' id='word_1_124' title='bbox 1349 2465 1459 2527; x_wconf 78' lang='lat' dir='ltr'><strong>volue-</strong></span> 
     </span>
    </p>
   </div>
   <div class='ocr_carea' id='block_1_4' title="bbox 501 2562 1461 3558">
    <p class='ocr_par' dir='ltr' id='par_1_4' title="bbox 501 2562 1461 3558">
     <span class='ocr_line' id='line_1_18' title="bbox 505 2562 1460 2647; baseline 0.004 -22"><span class='ocrx_word' id='word_1_125' title='bbox 505 2573 579 2626; x_wconf 90' lang='lat' dir='ltr'><strong>runt</strong></span> <span class='ocrx_word' id='word_1_126' title='bbox 599 2563 761 2627; x_wconf 86' lang='lat' dir='ltr'><strong>infamare.</strong></span> <span class='ocrx_word' id='word_1_127' title='bbox 806 2562 886 2647; x_wconf 89' lang='lat' dir='ltr'><strong>Apri</strong></span> <span class='ocrx_word' id='word_1_128' title='bbox 909 2563 1058 2626; x_wconf 88' lang='lat' dir='ltr'><strong>dentibus</strong></span> <span class='ocrx_word' id='word_1_129' title='bbox 1078 2564 1258 2628; x_wconf 83' lang='lat' dir='ltr'><strong>extinctum</strong></span> <span class='ocrx_word' id='word_1_130' title='bbox 1278 2563 1460 2629; x_wconf 90' lang='lat' dir='ltr'><strong>Adonidem</strong></span> 
     </span>
     <span class='ocr_line' id='line_1_19' title="bbox 505 2662 1460 2746; baseline 0.005 -19"><span class='ocrx_word' id='word_1_131' title='bbox 505 2662 602 2727; x_wconf 88' lang='lat' dir='ltr'><strong>deflet</strong></span> <span class='ocrx_word' id='word_1_132' title='bbox 611 2664 731 2741; x_wconf 89' lang='lat' dir='ltr'><strong>Venus,</strong></span> <span class='ocrx_word' id='word_1_133' title='bbox 741 2662 865 2725; x_wconf 89' lang='lat' dir='ltr'><strong>habens</strong></span> <span class='ocrx_word' id='word_1_134' title='bbox 874 2682 999 2746; x_wconf 90' lang='lat' dir='ltr'><strong>semper</strong></span> <span class='ocrx_word' id='word_1_135' title='bbox 1007 2685 1081 2727; x_wconf 92' lang='lat' dir='ltr'><strong>cum</strong></span> <span class='ocrx_word' id='word_1_136' title='bbox 1089 2664 1260 2727; x_wconf 88' lang='lat' dir='ltr'><strong>venatione</strong></span> <span class='ocrx_word' id='word_1_137' title='bbox 1269 2666 1319 2727; x_wconf 89' lang='lat' dir='ltr'><strong>vel</strong></span> <span class='ocrx_word' id='word_1_138' title='bbox 1330 2665 1460 2732; x_wconf 88' lang='lat' dir='ltr'><strong>robusta</strong></span> 
     </span>
     <span class='ocr_line' id='line_1_20' title="bbox 504 2764 1460 2850; baseline 0.004 -22"><span class='ocrx_word' id='word_1_139' title='bbox 504 2766 740 2831; x_wconf 87' lang='lat' dir='ltr'><strong>commercium.</strong></span> <span class='ocrx_word' id='word_1_140' title='bbox 779 2764 868 2828; x_wconf 91' lang='lat' dir='ltr'><strong>Dum</strong></span> <span class='ocrx_word' id='word_1_141' title='bbox 883 2766 978 2830; x_wconf 89' lang='lat' dir='ltr'><strong>Maro</strong></span> <span class='ocrx_word' id='word_1_142' title='bbox 994 2764 1200 2849; x_wconf 78' lang='lat' dir='ltr'><strong>Carthaginis</strong></span> <span class='ocrx_word' id='word_1_143' title='bbox 1214 2767 1287 2831; x_wconf 85' lang='lat' dir='ltr'><strong>altae</strong></span> <span class='ocrx_word' id='word_1_144' title='bbox 1296 2764 1460 2850; x_wconf 84' lang='lat' dir='ltr'><strong>jocaretur</strong></span> 
     </span>
     <span class='ocr_line' id='line_1_21' title="bbox 503 2868 1461 2951; baseline 0.006 -22"><span class='ocrx_word' id='word_1_145' title='bbox 503 2868 690 2951; x_wconf 85' lang='lat' dir='ltr'><strong>hospitium,</strong></span> <span class='ocrx_word' id='word_1_146' title='bbox 712 2869 888 2932; x_wconf 87' lang='lat' dir='ltr'><strong>amentium</strong></span> <span class='ocrx_word' id='word_1_147' title='bbox 914 2879 989 2931; x_wconf 85' lang='lat' dir='ltr'><strong>vota</strong></span> <span class='ocrx_word' id='word_1_148' title='bbox 1014 2870 1185 2933; x_wconf 90' lang='lat' dir='ltr'><strong>conciliare</strong></span> <span class='ocrx_word' id='word_1_149' title='bbox 1210 2870 1367 2949; x_wconf 86' lang='lat' dir='ltr'><strong>nescivit;</strong></span> <span class='ocrx_word' id='word_1_150' title='bbox 1395 2871 1461 2936; x_wconf 87' lang='lat' dir='ltr'><strong>nisi</strong></span> 
     </span>
     <span class='ocr_line' id='line_1_22' title="bbox 505 2967 1460 3051; baseline 0.006 -21"><span class='ocrx_word' id='word_1_151' title='bbox 505 2967 552 3030; x_wconf 90' lang='lat' dir='ltr'><strong>eis</strong></span> <span class='ocrx_word' id='word_1_152' title='bbox 573 2969 615 3030; x_wconf 89' lang='lat' dir='ltr'><strong>ab</strong></span> <span class='ocrx_word' id='word_1_153' title='bbox 640 2967 877 3050; x_wconf 89' lang='lat' dir='ltr'><strong>opportunitate</strong></span> <span class='ocrx_word' id='word_1_154' title='bbox 904 2967 1041 3032; x_wconf 87' lang='lat' dir='ltr'><strong>venandi</strong></span> <span class='ocrx_word' id='word_1_155' title='bbox 1063 2969 1193 3051; x_wconf 84' lang='lat' dir='ltr'><strong>dilapsu</strong></span> <span class='ocrx_word' id='word_1_156' title='bbox 1215 2973 1381 3045; x_wconf 87' lang='lat' dir='ltr'><strong>comitum,</strong></span> <span class='ocrx_word' id='word_1_157' title='bbox 1404 2974 1460 3036; x_wconf 90' lang='lat' dir='ltr'><strong>sil·</strong></span> 
     </span>
     <span class='ocr_line' id='line_1_23' title="bbox 505 3064 1457 3151; baseline 0.007 -21"><span class='ocrx_word' id='word_1_158' title='bbox 505 3088 614 3131; x_wconf 89' lang='lat' dir='ltr'><strong>varum</strong></span> <span class='ocrx_word' id='word_1_159' title='bbox 628 3067 768 3130; x_wconf 88' lang='lat' dir='ltr'><strong>latebras</strong></span> <span class='ocrx_word' id='word_1_160' title='bbox 783 3076 945 3128; x_wconf 85' lang='lat' dir='ltr'><strong>reseraret.</strong></span> <span class='ocrx_word' id='word_1_161' title='bbox 984 3064 1038 3128; x_wconf 87' lang='lat' dir='ltr'><strong>Sic</strong></span> <span class='ocrx_word' id='word_1_162' title='bbox 1054 3066 1133 3129; x_wconf 86' lang='lat' dir='ltr'><strong>forte</strong></span> <span class='ocrx_word' id='word_1_163' title='bbox 1149 3069 1224 3151; x_wconf 91' lang='lat' dir='ltr'><strong>quia</strong></span> <span class='ocrx_word' id='word_1_164' title='bbox 1238 3069 1379 3134; x_wconf 89' lang='lat' dir='ltr'><strong>studium</strong></span> <span class='ocrx_word' id='word_1_165' title='bbox 1394 3074 1457 3138; x_wconf 92' lang='lat' dir='ltr'><strong>hoc</strong></span> 
     </span>
     <span class='ocr_line' id='line_1_24' title="bbox 504 3166 1458 3250; baseline 0.004 -17"><span class='ocrx_word' id='word_1_166' title='bbox 504 3190 524 3233; x_wconf 85' lang='lat' dir='ltr'><strong>a</strong></span> <span class='ocrx_word' id='word_1_167' title='bbox 544 3168 742 3232; x_wconf 88' lang='lat' dir='ltr'><strong>conscientie</strong></span> <span class='ocrx_word' id='word_1_168' title='bbox 761 3167 969 3250; x_wconf 90' lang='lat' dir='ltr'><strong>turpitudinis</strong></span> <span class='ocrx_word' id='word_1_169' title='bbox 989 3166 1058 3229; x_wconf 93' lang='lat' dir='ltr'><strong>odit</strong></span> <span class='ocrx_word' id='word_1_170' title='bbox 1076 3168 1193 3245; x_wconf 90' lang='lat' dir='ltr'><strong>lucem,</strong></span> <span class='ocrx_word' id='word_1_171' title='bbox 1209 3169 1291 3233; x_wconf 91' lang='lat' dir='ltr'><strong>sicut</strong></span> <span class='ocrx_word' id='word_1_172' title='bbox 1310 3191 1328 3234; x_wconf 89' lang='lat' dir='ltr'><strong>e</strong></span> <span class='ocrx_word' id='word_1_173' title='bbox 1347 3183 1458 3238; x_wconf 89' lang='lat' dir='ltr'><strong>contra</strong></span> 
     </span>
     <span class='ocr_line' id='line_1_25' title="bbox 501 3267 1457 3354; baseline 0.004 -20"><span class='ocrx_word' id='word_1_174' title='bbox 501 3269 635 3352; x_wconf 85' lang='lat' dir='ltr'><strong>legitimi</strong></span> <span class='ocrx_word' id='word_1_175' title='bbox 652 3270 768 3332; x_wconf 87' lang='lat' dir='ltr'><strong>amoris</strong></span> <span class='ocrx_word' id='word_1_176' title='bbox 783 3267 911 3352; x_wconf 85' lang='lat' dir='ltr'><strong>gaudia,</strong></span> <span class='ocrx_word' id='word_1_177' title='bbox 926 3271 1086 3334; x_wconf 89' lang='lat' dir='ltr'><strong>solemnes</strong></span> <span class='ocrx_word' id='word_1_178' title='bbox 1100 3269 1185 3333; x_wconf 91' lang='lat' dir='ltr'><strong>lucis</strong></span> <span class='ocrx_word' id='word_1_179' title='bbox 1205 3292 1271 3334; x_wconf 81' lang='lat' dir='ltr'><strong>suas</strong></span> <span class='ocrx_word' id='word_1_180' title='bbox 1286 3273 1457 3354; x_wconf 86' lang='lat' dir='ltr'><strong>praefernnt</strong></span> 
     </span>
     <span class='ocr_line' id='line_1_26' title="bbox 503 3371 1455 3458; baseline 0.005 -22"><span class='ocrx_word' id='word_1_181' title='bbox 503 3372 613 3436; x_wconf 75' lang='lat' dir='ltr'><strong>taedas.</strong></span> <span class='ocrx_word' id='word_1_182' title='bbox 647 3373 750 3444; x_wconf 87' lang='lat' dir='ltr'><strong>Quem</strong></span> <span class='ocrx_word' id='word_1_183' title='bbox 766 3371 844 3434; x_wconf 91' lang='lat' dir='ltr'><strong>mihi</strong></span> <span class='ocrx_word' id='word_1_184' title='bbox 860 3371 954 3435; x_wconf 89' lang='lat' dir='ltr'><strong>dabis</strong></span> <span class='ocrx_word' id='word_1_185' title='bbox 966 3371 1102 3434; x_wconf 86' lang='lat' dir='ltr'><strong>virorum</strong></span> <span class='ocrx_word' id='word_1_186' title='bbox 1118 3372 1299 3454; x_wconf 88' lang='lat' dir='ltr'><strong>illustrium,</strong></span> <span class='ocrx_word' id='word_1_187' title='bbox 1311 3373 1366 3458; x_wconf 89' lang='lat' dir='ltr'><strong>qui</strong></span> <span class='ocrx_word' id='word_1_188' title='bbox 1381 3375 1455 3440; x_wconf 86' lang='lat' dir='ltr'><strong>hnic</strong></span> 
     </span>
     <span class='ocr_line' id='line_1_27' title="bbox 502 3473 1077 3558; baseline -0.003 -21"><span class='ocrx_word' id='word_1_189' title='bbox 502 3475 658 3558; x_wconf 87' lang='lat' dir='ltr'><strong>voluptati</strong></span> <span class='ocrx_word' id='word_1_190' title='bbox 674 3474 877 3537; x_wconf 88' lang='lat' dir='ltr'><strong>vehementer</strong></span> <span class='ocrx_word' id='word_1_191' title='bbox 890 3473 1053 3536; x_wconf 72' lang='lat' dir='ltr'><strong>inhaeserit</strong></span> <span class='ocrx_word' id='word_1_192' title='bbox 1066 3473 1077 3535; x_wconf 80' lang='lat' dir='ltr'><strong>l</strong></span> 
     </span>
    </p>
   </div>
   <div class='ocr_carea' id='block_1_5' title="bbox 496 3587 1453 4264">
    <p class='ocr_par' dir='ltr' id='par_1_5' title="bbox 607 3587 1280 3661">
     <span class='ocr_line' id='line_1_28' title="bbox 607 3587 1280 3661; baseline 0.003 -17"><span class='ocrx_word' id='word_1_193' title='bbox 607 3590 710 3646; x_wconf 87' lang='lat' dir='ltr'><strong>Fixerit</strong></span> <span class='ocrx_word' id='word_1_194' title='bbox 720 3588 858 3661; x_wconf 81' lang='lat' dir='ltr'><strong>teripedem</strong></span> <span class='ocrx_word' id='word_1_195' title='bbox 870 3606 972 3642; x_wconf 85' lang='lat' dir='ltr'><strong>cervaru</strong></span> <span class='ocrx_word' id='word_1_196' title='bbox 982 3587 1054 3655; x_wconf 71' lang='lat' dir='ltr'><strong>licet.</strong></span> <span class='ocrx_word' id='word_1_197' title='bbox 1067 3595 1113 3649; x_wconf 84' lang='lat' dir='ltr'><strong>eut</strong></span> <span class='ocrx_word' id='word_1_198' title='bbox 1125 3591 1280 3660; x_wconf 77' lang='lat' dir='ltr'><strong>Erymandd</strong></span> 
     </span>
    </p>

    <p class='ocr_par' dir='ltr' id='par_1_6' title="bbox 496 3675 1453 4264">
     <span class='ocr_line' id='line_1_29' title="bbox 608 3675 842 3730; baseline -0.017 0"><span class='ocrx_word' id='word_1_199' title='bbox 608 3675 723 3730; x_wconf 84' lang='lat' dir='ltr'><strong>Placarit</strong></span> <span class='ocrx_word' id='word_1_200' title='bbox 735 3691 842 3728; x_wconf 87' lang='lat' dir='ltr'><strong>nemora</strong></span> 
     </span>
     <span class='ocr_line' id='line_1_30' title="bbox 498 3773 1453 3863; baseline 0.005 -24"><span class='ocrx_word' id='word_1_201' title='bbox 498 3778 600 3841; x_wconf 91' lang='lat' dir='ltr'><strong>victor</strong></span> <span class='ocrx_word' id='word_1_202' title='bbox 622 3773 767 3850; x_wconf 87' lang='lat' dir='ltr'><strong>Alcides,</strong></span> <span class='ocrx_word' id='word_1_203' title='bbox 782 3794 848 3836; x_wconf 93' lang='lat' dir='ltr'><strong>non</strong></span> <span class='ocrx_word' id='word_1_204' title='bbox 870 3775 1027 3857; x_wconf 90' lang='lat' dir='ltr'><strong>voluptati</strong></span> <span class='ocrx_word' id='word_1_205' title='bbox 1048 3796 1125 3851; x_wconf 85' lang='lat' dir='ltr'><strong>suae,</strong></span> <span class='ocrx_word' id='word_1_206' title='bbox 1141 3775 1200 3840; x_wconf 87' lang='lat' dir='ltr'><strong>sed</strong></span> <span class='ocrx_word' id='word_1_207' title='bbox 1220 3779 1359 3860; x_wconf 78' lang='lat' dir='ltr'><strong>publicae</strong></span> <span class='ocrx_word' id='word_1_208' title='bbox 1379 3801 1453 3863; x_wconf 87' lang='lat' dir='ltr'><strong>pro·</strong></span> 
     </span>
     <span class='ocr_line' id='line_1_31' title="bbox 500 3875 1453 3961; baseline 0.008 -21"><span class='ocrx_word' id='word_1_209' title='bbox 500 3878 608 3961; x_wconf 88' lang='lat' dir='ltr'><strong>spexit</strong></span> <span class='ocrx_word' id='word_1_210' title='bbox 626 3877 764 3940; x_wconf 84' lang='lat' dir='ltr'><strong>utilitati.</strong></span> <span class='ocrx_word' id='word_1_211' title='bbox 810 3878 933 3960; x_wconf 86' lang='lat' dir='ltr'><strong>Aprum</strong></span> <span class='ocrx_word' id='word_1_212' title='bbox 950 3875 1127 3942; x_wconf 81' lang='lat' dir='ltr'><strong>Calidoniae</strong></span> <span class='ocrx_word' id='word_1_213' title='bbox 1147 3880 1317 3942; x_wconf 84' lang='lat' dir='ltr'><strong>vastaverit</strong></span> <span class='ocrx_word' id='word_1_214' title='bbox 1331 3882 1453 3949; x_wconf 90' lang='lat' dir='ltr'><strong>Melea·</strong></span> 
     </span>
     <span class='ocr_line' id='line_1_32' title="bbox 499 3977 1452 4064; baseline 0.009 -23"><span class='ocrx_word' id='word_1_215' title='bbox 499 3999 564 4061; x_wconf 86' lang='lat' dir='ltr'><strong>ger,</strong></span> <span class='ocrx_word' id='word_1_216' title='bbox 578 3997 644 4040; x_wconf 90' lang='lat' dir='ltr'><strong>nou</strong></span> <span class='ocrx_word' id='word_1_217' title='bbox 658 3978 766 4040; x_wconf 86' lang='lat' dir='ltr'><strong>mulsit</strong></span> <span class='ocrx_word' id='word_1_218' title='bbox 780 3978 922 4041; x_wconf 84' lang='lat' dir='ltr'><strong>animum</strong></span> <span class='ocrx_word' id='word_1_219' title='bbox 938 3981 1114 4063; x_wconf 82' lang='lat' dir='ltr'><strong>voluptate,</strong></span> <span class='ocrx_word' id='word_1_220' title='bbox 1130 3977 1187 4042; x_wconf 93' lang='lat' dir='ltr'><strong>sed</strong></span> <span class='ocrx_word' id='word_1_221' title='bbox 1208 3979 1301 4044; x_wconf 89' lang='lat' dir='ltr'><strong>hoste</strong></span> <span class='ocrx_word' id='word_1_222' title='bbox 1316 3984 1452 4064; x_wconf 87' lang='lat' dir='ltr'><strong>patriam</strong></span> 
     </span>
     <span class='ocr_line' id='line_1_33' title="bbox 496 4075 1452 4160; baseline 0.004 -17"><span class='ocrx_word' id='word_1_223' title='bbox 496 4077 654 4143; x_wconf 85' lang='lat' dir='ltr'><strong>liberarit.</strong></span> <span class='ocrx_word' id='word_1_224' title='bbox 698 4075 830 4138; x_wconf 84' lang='lat' dir='ltr'><strong>Fuderit</strong></span> <span class='ocrx_word' id='word_1_225' title='bbox 853 4085 965 4140; x_wconf 89' lang='lat' dir='ltr'><strong>auctor</strong></span> <span class='ocrx_word' id='word_1_226' title='bbox 984 4078 1122 4140; x_wconf 87' lang='lat' dir='ltr'><strong>Romani</strong></span> <span class='ocrx_word' id='word_1_227' title='bbox 1143 4079 1269 4160; x_wconf 82' lang='lat' dir='ltr'><strong>generis</strong></span> <span class='ocrx_word' id='word_1_228' title='bbox 1288 4103 1452 4154; x_wconf 87' lang='lat' dir='ltr'><strong>cervomm</strong></span> 
     </span>
     <span class='ocr_line' id='line_1_34' title="bbox 497 4179 1452 4264; baseline 0.008 -19"><span class='ocrx_word' id='word_1_229' title='bbox 497 4200 641 4264; x_wconf 90' lang='lat' dir='ltr'><strong>corpora,</strong></span> <span class='ocrx_word' id='word_1_230' title='bbox 665 4198 729 4240; x_wconf 89' lang='lat' dir='ltr'><strong>non</strong></span> <span class='ocrx_word' id='word_1_231' title='bbox 754 4197 845 4241; x_wconf 74' lang='lat' dir='ltr'><strong>vanae</strong></span> <span class='ocrx_word' id='word_1_232' title='bbox 868 4179 1042 4261; x_wconf 85' lang='lat' dir='ltr'><strong>voluptatis</strong></span> <span class='ocrx_word' id='word_1_233' title='bbox 1067 4179 1225 4258; x_wconf 86' lang='lat' dir='ltr'><strong>solatium,</strong></span> <span class='ocrx_word' id='word_1_234' title='bbox 1248 4181 1306 4245; x_wconf 89' lang='lat' dir='ltr'><strong>sed</strong></span> <span class='ocrx_word' id='word_1_235' title='bbox 1332 4183 1394 4250; x_wconf 89' lang='lat' dir='ltr'><strong>sibi</strong></span> <span class='ocrx_word' id='word_1_236' title='bbox 1419 4197 1452 4253; x_wconf 90' lang='lat' dir='ltr'><strong>et</strong></span> 
     </span>
    </p>
   </div>
   <div class='ocr_carea' id='block_1_6' title="bbox 495 4277 1451 4471">
    <p class='ocr_par' dir='ltr' id='par_1_7' title="bbox 495 4277 1451 4471">
     <span class='ocr_line' id='line_1_35' title="bbox 495 4277 1450 4367; baseline 0.003 -19"><span class='ocrx_word' id='word_1_237' title='bbox 495 4282 592 4348; x_wconf 87' lang='lat' dir='ltr'><strong>sociis</strong></span> <span class='ocrx_word' id='word_1_238' title='bbox 616 4279 763 4364; x_wconf 85' lang='lat' dir='ltr'><strong>quaesivit</strong></span> <span class='ocrx_word' id='word_1_239' title='bbox 786 4277 974 4358; x_wconf 86' lang='lat' dir='ltr'><strong>suffragium</strong></span> <span class='ocrx_word' id='word_1_240' title='bbox 996 4278 1082 4342; x_wconf 78' lang='lat' dir='ltr'><strong>vitae.</strong></span> <span class='ocrx_word' id='word_1_241' title='bbox 1126 4280 1234 4363; x_wconf 87' lang='lat' dir='ltr'><strong>Opera</strong></span> <span class='ocrx_word' id='word_1_242' title='bbox 1253 4283 1450 4367; x_wconf 81' lang='lat' dir='ltr'><strong>singulorum</strong></span> 
     </span>
     <span class='ocr_line' id='line_1_36' title="bbox 495 4375 1451 4471; baseline 0.003 -20"><span class='ocrx_word' id='word_1_243' title='bbox 495 4409 538 4451; x_wconf 88' lang='lat' dir='ltr'><strong>ex</strong></span> <span class='ocrx_word' id='word_1_244' title='bbox 555 4392 682 4462; x_wconf 89' lang='lat' dir='ltr'><strong>eventu,</strong></span> <span class='ocrx_word' id='word_1_245' title='bbox 694 4391 726 4446; x_wconf 91' lang='lat' dir='ltr'><strong>et</strong></span> <span class='ocrx_word' id='word_1_246' title='bbox 738 4375 904 4464; x_wconf 86' lang='lat' dir='ltr'><strong>proposito</strong></span> <span class='ocrx_word' id='word_1_247' title='bbox 916 4382 1116 4456; x_wconf 83' lang='lat' dir='ltr'><strong>colorantur3</strong></span> <span class='ocrx_word' id='word_1_248' title='bbox 1138 4403 1189 4448; x_wconf 86' lang='lat' dir='ltr'><strong>res</strong></span> <span class='ocrx_word' id='word_1_249' title='bbox 1200 4385 1321 4471; x_wconf 90' lang='lat' dir='ltr'><strong>quippe</strong></span> <span class='ocrx_word' id='word_1_250' title='bbox 1333 4388 1451 4454; x_wconf 88' lang='lat' dir='ltr'><strong>decora</strong></span> 
     </span>
    </p>
   </div>
   <div class='ocr_carea' id='block_1_7' title="bbox 0 0 1792 5575">
    <p class='ocr_par' dir='ltr' id='par_1_8' title="bbox 0 0 1792 5575">
     <span class='ocr_line' id='line_1_37' title="bbox 0 0 1792 5575; baseline 0 7"><span class='ocrx_word' id='word_1_251' title='bbox 0 0 1792 5575; x_wconf 95' lang='lat' dir='ltr'><strong> </strong></span> 
     </span>
    </p>
   </div>
  </div>
 </body>
</html>
