3575 5575
1672 215 1879 478 Q.
1969 270 2568 490 masth?
2649 397 2779 503 a.
2864 278 3393 602 fist-{lte

730 789 870 835 CAP.
904 776 1079 855 v111.]
1474 784 1980 838 PoLYcRA'rrcus.
2515 778 2637 840 179

726 948 791 1003 et
834 942 1062 1006 veritas
1102 943 1278 1023 fidei,
1307 944 1444 1009 sine
1492 967 1619 1029 qua
1660 966 1777 1009 nec
1824 945 2040 1026 gratiae
2087 943 2345 1029 quidem
2391 965 2628 1010 nomen

720 1042 1029 1122 subsistit,
1070 1047 1251 1109 nullo
1305 1047 1733 1110 simulationis
1775 1047 1929 1110 suco
1981 1050 2191 1110 valeat
2239 1047 2626 1111 obumbrari.

720 1141 848 1206 Sed
870 1144 1007 1227 jam
1032 1167 1231 1229 quum
1252 1146 1335 1210 ad
1356 1148 1647 1211 homines
1665 1159 1927 1213 ventum
1951 1147 2055 1227 sit,
2077 1148 2341 1232 quinon
2364 1148 2629 1227 amic-OS,

587 1332 603 1342 .
716 1243 828 1308 sed
860 1245 1105 1328 seipsos
1134 1246 1205 1310 in
1248 1248 1519 1328 singulis
1552 1259 1790 1328 amant,
1820 1248 2304 1333 multiplicitatis
2341 1249 2530 1313 fucus
2558 1259 2628 1312 ut

712 1346 967 1427 placeat
993 1348 1389 1411 necessarius
1419 1359 1535 1412 est.
1612 1349 1806 1433 Apud
1833 1350 1991 1413 istos
2022 1345 2191 1412 enim
2223 1349 2445 1429 gratia,
2477 1349 2628 1432 quia

715 1447 910 1527 gratis
939 1467 1069 1508 non
1099 1457 1217 1523 est,
1239 1447 1376 1530 jam
1407 1470 1537 1512 non
1571 1450 1790 1530 gratia,
1823 1449 1940 1512 sed
1981 1449 2146 1512 lucri
2174 1448 2624 1512 inescatorium

714 1556 827 1609 est.
918 1547 1145 1610 Facies
1204 1548 1522 1632 siquidem
1580 1549 1930 1613 meretricis
1987 1549 2154 1612 facta
2212 1561 2310 1611 est
2367 1551 2447 1627 ei,
2496 1571 2620 1614 nec

710 1647 1143 1732 quodcunque
1195 1650 1417 1712 vitium
1476 1650 1814 1725 erubescit,
1867 1648 2018 1712 dum
2067 1649 2227 1712 lucri
2279 1648 2486 1712 tendit
2536 1650 2620 1713 ad

712 1755 1045 1830 quaestum.
1164 1751 1364 1812 Vetus
1424 1750 1685 1833 querela
1751 1759 1850 1813 est
1907 1749 2234 1834 sapientis,
2290 1749 2620 1830 indignum

711 1848 1010 1912 amicitiae
1038 1849 1317 1930 lugentis
1346 1870 1686 1915 occasum:

918 1967 1057 2022 Illud
1082 1969 1323 2022 amicitiae
1345 1971 1603 2039 quondam
1626 1972 1920 2025 venerabile
1943 1989 2129 2025 nomen

1059 2052 1288 2119 Prostat,
1314 2059 1367 2106 et
1390 2056 1444 2106 in
1468 2060 1674 2123 quaestu
1698 2074 1787 2128 pro
1813 2057 2082 2110 meretrice
2105 2056 2271 2108 sedet.

707 2163 897 2238 Quod
928 2188 1012 2229 ex
1044 2187 1122 2229 eo
1153 2177 1423 2239 constat,
1454 2168 1630 2252 quod
1661 2168 1715 2232 si
1748 2178 1960 2233 cesset
1998 2171 2258 2247 utilitas,
2288 2189 2466 2231 rarus
2507 2178 2615 2231 aut

706 2267 922 2330 nullus
951 2276 1069 2345 est,
1100 2268 1207 2351 qui
1237 2281 1497 2352 propter
1527 2291 1596 2332 se
1628 2270 1921 2334 virtutem
1953 2270 2251 2334 amicitiae
2282 2271 2471 2333 colat.
2535 2271 2614 2332 In

704 2376 801 2430 tot
830 2369 1087 2431 circulis
1112 2372 1513 2447 saeculorum,
1537 2371 1602 2434 in
1629 2381 1807 2436 tanto
1833 2380 2086 2435 aetatum
2110 2374 2320 2456 lapsu,
2341 2371 2408 2435 in
2438 2380 2617 2433 tanta

707 2469 1118 2533 multitudine
1171 2480 1236 2533 et
1288 2469 1648 2534 differentia
1706 2492 2141 2555 personarum,
2202 2471 2333 2549 vix,
2395 2479 2468 2533 ut
2525 2470 2617 2534 ait

706 2569 967 2645 Laelius,
997 2571 1120 2633 tria
1158 2570 1586 2646 inveniuntur,
1620 2580 1730 2634 aut
1760 2580 2034 2655 quatuor
2072 2572 2250 2654 paria
2280 2571 2347 2633 in
2381 2591 2613 2633 amore.

705 2670 853 2731 Hoc
901 2670 1110 2752 ipsum
1166 2670 1418 2732 Arbiter
1467 2679 1682 2731 noster
1738 2669 2120 2750 ingemiscit,
2171 2669 2293 2731 etsi
2351 2670 2610 2732 alterius

705 2768 993 2833 videatur
1022 2770 1308 2833 induisse
1340 2791 1699 2853 personam.
1787 2771 1898 2833 Ait
1927 2769 2133 2833 enim:

914 2890 1123 2943 Nomen
1147 2892 1392 2944 amicitiae
1415 2891 1477 2954 si,
1502 2895 1757 2958 quatenus
1778 2890 2012 2960 expedit,
2036 2890 2217 2956 haeret,

983 2974 1228 3028 Calculus
1250 2976 1304 3027 in
1327 2975 1506 3029 tabula
1529 2975 1723 3028 mobile
1746 2976 1890 3027 ducit
1911 2992 2050 3046 opus.

916 3060 1095 3123 Quum
1113 3061 1320 3114 fortuna
1340 3067 1531 3126 manet,
1555 3059 1752 3113 vultum
1776 3061 1995 3114 servati·
2017 3060 2187 3126 amici,

984 3149 1157 3211 Quum
1182 3147 1386 3211 cecidit,
1413 3148 1548 3219 turpi
1572 3148 1776 3200 vertitis
1799 3164 1890 3200 ora
1911 3146 2056 3214 fuga.

907 3230 1054 3283 Grex
1077 3231 1190 3297 agit
1212 3232 1266 3283 in
1288 3247 1445 3283 scena
1467 3231 1697 3295 mimum,
1722 3236 1872 3301 pater
1895 3230 1983 3283 ille
2006 3237 2230 3295 vocatur,

973 3315 1143 3369 Filius
1166 3316 1270 3378 hic,
1294 3333 1483 3369 nomen
1509 3316 1686 3369 divitis
1709 3315 1800 3369 ille
1825 3321 1988 3368 tenet.

906 3401 1042 3453 Mox
1065 3401 1154 3454 ubi
1178 3400 1421 3453 ridendas
1443 3399 1650 3453 inclusit
1672 3401 1867 3471 pagina
1889 3404 2082 3471 par-tea,

976 3485 1121 3539 Vera
1144 3487 1278 3539 redit
1301 3485 1481 3552 facie-S,
1507 3486 1832 3539 dissimulata
1854 3487 2007 3557 perit.

798 3736 962 3818 Cap.
998 3738 1058 3797 8.
1106 3734 1204 3796 De
1230 3733 1586 3797 Mundana
1620 3732 1964 3809 C'omoedia,
1994 3734 2095 3796 vel
2134 3730 2494 3813 Tragoedia.

778 3870 883 3932 ΕΤ
929 3868 1190 3952 quidem
1235 3868 1510 3949 eleganti
1556 3868 1755 3930 utitur
1799 3866 2238 3941 similitudine,
2284 3867 2432 3952 quia
2475 3867 2603 3931 fere

690 3970 1003 4055 quicquid
1032 3970 1101 4032 in
1134 3971 1319 4033 turba
1349 3969 1631 4053 profanae
1656 3967 2082 4031 multitudinis
2111 3967 2339 4049 agitur,
2365 3989 2601 4031 comoe-

691 4072 816 4134 diae
848 4094 1036 4155 quam
1081 4072 1174 4136 rei
1203 4082 1398 4154 gestae
1438 4069 1708 4134 similius
1747 4077 1864 4132 est.
1952 4068 2194 4133 Militia
2222 4078 2342 4147 est,
2369 4070 2597 4154 inquit,

690 4174 821 4237 vita
847 4174 1127 4237 hominis
1157 4195 1344 4257 super
1373 4182 1617 4236 terram.
1687 4173 1772 4234 At
1802 4170 1858 4234 si
1888 4181 2104 4235 nostra
2130 4179 2425 4254 tempora.
2450 4194 2597 4254 prn-

612 4302 616 4307 ’
692 4273 988 4357 pheticus
1028 4275 1287 4357 spiritus
1330 4274 1758 4357 concepisset,
1791 4271 2105 4335 diceretur
2143 4272 2415 4353 egregie,
2449 4274 2597 4354 quin

689 4374 1033 4438 Comoedia
1063 4386 1163 4439 est
1192 4376 1324 4439 vita
1350 4375 1630 4438 hominis
1661 4395 1854 4457 super
1898 4385 2148 4446 terram,
2179 4372 2292 4434 ubi
2330 4372 2597 4455 quiaque.

1588 4495 1632 4537 N
1672 4482 1712 4537 2
