3575 5575
476 802 541 863 284
750 809 887 855 ioannis
902 805 1180 852 sunusanntsnsrs
1301 785 1383 865 [cra.
1399 805 1429 849 v.

479 966 601 1033 tristem
631 961 771 1048 aliquem
793 983 860 1024 esse
883 980 944 1022 non
968 957 1119 1043 patiatur.
1164 959 1236 1030 Qua
1266 978 1341 1019 vero
1363 968 1431 1020 arte

479 1068 514 1133 id
543 1069 610 1144 fiet,
632 1063 759 1129 moralis
780 1084 914 1148 campus
944 1059 1107 1145 subjectus
1136 1058 1318 1144 exequitur,
1343 1071 1432 1122 tanta

479 1169 610 1258 quidem
631 1165 816 1231 amoenitate
835 1163 963 1241 florum,
984 1174 1016 1225 et
1034 1158 1198 1225 fructuum
1222 1159 1379 1234 ubertate,
1395 1171 1432 1223 ut

481 1272 507 1338 si
529 1271 696 1356 quiscum
720 1265 911 1351 ingreditur,
938 1263 1080 1327 Paradisi
1103 1284 1135 1326 se
1157 1261 1277 1325 deliciis
1293 1261 1433 1346 gaudeat

481 1373 640 1439 interesse.
663 1367 795 1432 Miraris
803 1367 887 1433 forte
898 1378 929 1430 et
940 1364 1094 1430 attonitus
1103 1363 1312 1449 obstupescis,
1322 1384 1433 1449 qnem-

483 1496 578 1562 quam
601 1473 634 1537 in
660 1469 757 1535 exilio
778 1470 881 1532 carnis
903 1467 1011 1555 hujus,
1040 1478 1138 1530 tantae
1166 1465 1344 1529 dulcedinis
1368 1487 1434 1528 esse

483 1575 683 1664 participem,
697 1586 730 1637 et
751 1570 926 1638 coelestium
941 1571 1058 1635 civium
1074 1591 1140 1634 esse
1154 1571 1326 1633 concivem.
1372 1566 1435 1632 Sed

484 1703 524 1745 an
547 1678 593 1744 ita
621 1699 688 1742 esse
712 1674 823 1761 possit,
850 1695 891 1737 ex
920 1671 1072 1757 operibns
1101 1670 1161 1734 viri
1190 1671 1271 1757 justi
1303 1683 1338 1735 tu
1369 1672 1437 1756 ipse

485 1779 636 1866 dijudica.
683 1777 718 1844 Si
747 1774 860 1860 negavi
886 1772 974 1860 quod
999 1773 1147 1838 volebant
1175 1773 1379 1859 pauperibus,
1405 1786 1437 1837 et

486 1882 596 1947 oculos
620 1880 728 1945 viduae
752 1889 921 1964 expectare
945 1876 1017 1940 feci.
1062 1878 1097 1942 Si
1119 1876 1242 1942 comedi
1265 1875 1437 1940 buccellam

487 2006 589 2048 meam
612 1981 709 2057 solus,
731 1992 763 2044 et
785 2002 847 2043 non
870 1978 1008 2044 comedit
1030 1977 1175 2066 pupillus
1189 2002 1228 2043 ex
1244 2002 1291 2054 ea,
1306 1979 1439 2065 quiaab

488 2084 622 2148 infantia
643 2082 741 2146 crevit
765 2102 887 2145 mecum
912 2081 1084 2159 miseratio,
1100 2094 1133 2144 et
1154 2080 1195 2144 de
1217 2093 1309 2145 utero
1331 2080 1440 2144 matris

488 2205 568 2247 meae
583 2203 709 2268 egressa
729 2192 778 2244 est
799 2201 934 2244 mecum.
981 2180 1014 2244 Si
1036 2179 1167 2267 despexi
1186 2192 1440 2266 praetereuntem,

488 2308 527 2348 eo
542 2282 629 2371 quod
644 2303 708 2345 nou
728 2279 875 2347 habuerit
897 2281 1131 2362 indumentum,
1145 2295 1177 2346 et
1198 2282 1318 2367 absque
1339 2281 1441 2368 operi-

491 2399 598 2451 mento
619 2406 803 2472 pauperem.
847 2384 882 2449 Si
909 2406 971 2446 non
998 2383 1215 2448 benedixerint
1240 2384 1318 2448 milri
1343 2383 1442 2448 latera

491 2488 572 2572 ejus,
586 2496 619 2550 et
640 2484 681 2549 de
703 2483 875 2550 velleribus
896 2483 1004 2548 ovium
1027 2506 1168 2548 mearum
1191 2484 1361 2548 calefactus
1382 2495 1440 2547 est.

493 2587 527 2652 Si
539 2585 641 2651 levavi
652 2608 748 2674 super
756 2585 915 2672 pupillum
928 2608 1057 2650 manum
1067 2607 1180 2666 meam,
1192 2607 1292 2671 quum
1303 2585 1442 2649 viderem

492 2713 543 2755 me
556 2689 589 2754 in
606 2701 698 2775 porta
713 2687 918 2775 superiorem,
928 2687 1080 2751 humerus
1088 2709 1179 2751 meus
1192 2688 1373 2775 ajunctura
1388 2710 1446 2751 sua

493 2792 599 2871 cadat,
624 2804 657 2857 et
681 2791 848 2857 brachium
874 2812 982 2853 meum
1007 2814 1079 2856 cum
1105 2790 1230 2857 ossibus
1256 2803 1446 2857 conteratur.

496 2897 627 2981 Semper
648 2893 730 2957 enirn
751 2896 841 2980 quasi
863 2906 1023 2958 tumentes
1044 2892 1160 2958 fluctus
1176 2915 1272 2980 super
1291 2915 1341 2958 me
1357 2892 1447 2957 timui

496 3000 616 3079 Deum,
639 3009 670 3059 et
695 2994 822 3081 pondus
844 2996 913 3081 ejus
936 2995 1020 3059 serre
1042 3018 1104 3059 non
1130 2996 1231 3082 potui.
1278 2995 1311 3060 Si
1337 2995 1446 3083 putavi

494 3119 610 3161 aurum
634 3096 731 3162 robur
752 3118 869 3176 meum,
883 3108 916 3160 et
938 3095 1005 3160 dixi
1029 3097 1138 3162 obrizo
1153 3098 1272 3164 fiducia
1293 3121 1373 3164 mea.
1416 3097 1449 3162 si

499 3198 627 3264 laetatus
636 3221 705 3266 sum
718 3220 813 3285 super
825 3198 936 3263 multis
951 3197 1072 3263 divitiis
1080 3199 1169 3279 meis,
1179 3213 1212 3265 et
1226 3204 1303 3286 quia
1313 3200 1451 3283 plurima

497 3298 615 3384 reperit
636 3321 750 3365 manus
770 3321 849 3364 mea.
897 3298 930 3364 si
946 3298 1012 3364 vidi
1027 3300 1122 3365 solem
1139 3323 1239 3386 quum
1256 3300 1405 3386 fulgeret,
1419 3312 1451 3366 et

499 3398 608 3463 lunam
623 3399 819 3465 incedentem
835 3400 929 3482 clare,
944 3415 976 3465 et
991 3401 1135 3468 laetatum
1156 3403 1250 3466 estin
1265 3401 1453 3467 abscondito

499 3524 554 3567 cor
571 3523 690 3581 meum,
703 3513 735 3565 et
756 3501 918 3566 osculatus
940 3525 1010 3567 sum
1026 3526 1154 3571 manum
1177 3527 1279 3569 meam
1295 3527 1351 3569 ore
1372 3527 1454 3583 meo,

499 3624 575 3690 quae
596 3613 645 3666 est
666 3600 820 3688 iniquitas
841 3601 992 3685 maxima,
1013 3615 1047 3669 et
1069 3605 1198 3691 negatio
1219 3616 1329 3670 contra
1348 3606 1454 3668 Deum

500 3703 700 3771 altissimum.
745 3705 780 3771 si
795 3705 927 3790 gavisus
949 3729 1018 3771 snm
1041 3706 1082 3770 ad
1105 3710 1228 3771 ruinam
1247 3711 1316 3796 ejus
1333 3707 1389 3794 qui
1405 3729 1455 3770 me

501 3808 624 3889 oderat,
638 3821 671 3871 et
688 3807 831 3872 exultavi
852 3808 940 3895 quod
963 3809 1133 3873 invenisset
1152 3832 1224 3873 eum
1247 3811 1376 3874 malum.
1421 3807 1454 3873 Si

502 3932 565 3973 non
581 3908 733 3973 dixerunt
747 3908 807 3973 viri
824 3908 1018 3974 tabernaculi
1039 3909 1113 3990 mei,
1127 3909 1199 3995 quis
1221 3909 1275 3975 det
1297 3910 1337 3976 de
1356 3908 1458 3974 carni·

503 4010 565 4074 bus
579 4011 648 4094 ejus
663 4022 700 4073 ut
715 4016 917 4076 saturemur?
942 4012 1036 4078 Fotis
1051 4034 1114 4079 non
1133 4012 1247 4077 mansit
1262 4013 1460 4100 peregrinus,

503 4108 621 4174 ostium
636 4131 741 4171 meum
757 4112 863 4196 patuit
880 4112 1001 4179 viatori.
1040 4114 1074 4178 Si
1089 4114 1241 4180 abscondi
1256 4117 1349 4201 quasi
1365 4117 1460 4181 homo

504 4224 670 4303 peccatum
692 4232 811 4290 meum,
831 4227 864 4279 et
885 4215 995 4282 caelavi
1017 4220 1049 4282 in
1073 4217 1143 4282 sinu
1167 4241 1237 4282 meo
1259 4218 1460 4304 iniquitatem

506 4338 617 4383 meam.
664 4316 698 4379 Si
719 4316 835 4401 expavi
857 4317 898 4382 ad
922 4318 1160 4386 multitudinem
1185 4322 1327 4403 nimiam,
1348 4336 1380 4387 et
1407 4322 1461 4386 de·

506 4419 626 4507 spectio
643 4420 898 4506 propinquorum
922 4426 1037 4487 terruit
1055 4446 1116 4504 me,
1131 4435 1163 4489 et
1178 4447 1239 4488 non
1260 4426 1361 4511 magis
1377 4424 1463 4489 tacui

1289 4600 1309 4609 ..ι
1330 4604 1380 4611 --....,.,
1406 4579 1443 4597 w
1450 4584 1459 4592 Α
