3575 5575
332 791 402 835 car.
418 772 495 851 vm]
685 791 938 837 ronroaarrcus
1223 777 1282 834 177

331 945 402 1025 Nec
421 954 529 1005 tamen
550 944 645 1006 unius
664 944 752 1006 urbis
773 954 895 1006 tantum
912 944 986 1006 vitia
1002 943 1134 1026 depingi
1150 943 1277 1005 credas:

324 1043 394 1126 jam
410 1044 507 1106 totius
522 1044 610 1107 orbis
624 1057 709 1108 sunt.
744 1045 840 1116 Quod
855 1043 896 1106 ad
910 1043 1006 1120 istud,
1019 1045 1128 1106 orbem
1143 1045 1281 1106 Romam

330 1145 441 1207 crede:
477 1147 608 1209 memini
636 1168 688 1208 me
702 1146 842 1220 ¹audisse
866 1147 1050 1209 Romanum
1080 1145 1278 1222 Pontificem,

328 1248 457 1310 solitum
472 1247 617 1317 deridere
640 1248 851 1321 Lombardos,
868 1246 989 1324 dicens,
1006 1268 1062 1310 eos
1077 1247 1198 1330 pileum
1213 1267 1279 1308 om·-

327 1347 425 1410 nibus
440 1350 700 1431 colloquentibus
718 1350 835 1426 facere,
849 1370 887 1412 eo
910 1347 997 1432 quod
1012 1349 1047 1410 in
1063 1348 1197 1410 exordio
1213 1347 1279 1410 dic-

326 1448 425 1510 tionis
443 1449 701 1512 benevolentiam
722 1460 864 1531 captent,
883 1461 916 1511 et
936 1469 1044 1510 eorum
1065 1469 1137 1511 cnm
1160 1450 1278 1531 quibus

327 1548 443 1624 agitur,
468 1550 574 1630 capita
599 1548 738 1630 quodam
759 1548 1047 1611 commendationis
1077 1548 1280 1611 demulceant

329 1649 412 1710 oleo.
457 1649 519 1710 Fili
534 1650 589 1726 mi,
604 1649 708 1732 inquit
726 1649 889 1722 Salomon,
906 1650 932 1712 si
948 1661 980 1711 te
995 1648 1181 1712 lactaverint
1203 1668 1280 1728 pec·

329 1759 464 1826 catores,
478 1773 519 1813 ne
534 1751 721 1835 acquiescas
737 1752 792 1813 eis.
839 1753 909 1834 Ipsi
924 1751 1010 1814 enim
1025 1760 1136 1812 contra
1151 1748 1279 1830 sangui-

328 1871 403 1912 nem
428 1873 522 1913 suum
546 1851 747 1929 insidiantur,
768 1862 802 1915 et
823 1853 998 1914 moliuntur
1019 1850 1145 1913 fraudes
1168 1862 1280 1912 contra

327 1953 450 2015 animas
465 1974 548 2016 suas.
593 1953 733 2015 Prohibe
752 1951 869 2035 pedem
884 1963 973 2014 tuum
989 1973 1008 2014 a
1024 1951 1146 2014 semitis
1160 1971 1281 2014 eorum·

327 2053 431 2117 Pedes
446 2055 531 2117 enim
547 2075 656 2117 eorum
677 2053 718 2117 ad
740 2055 858 2117 malum
874 2063 1015 2128 currunt,
1032 2065 1063 2116 et
1077 2053 1229 2116 festinant
1245 2062 1279 2114 ut

229 2184 232 2188 ⁴
328 2155 495 2219 effundant
509 2155 707 2236 sanguinem.

328 2402 408 2487 Cap.
426 2412 455 2467 7.
478 2407 643 2469 Fraudem
672 2407 883 2470 adulatorum
913 2408 1011 2469 tuitio
1040 2399 1223 2484 viteredum,
1247 2416 1279 2470 et

370 2507 456 2590 quod
488 2508 687 2585 muneribus,
722 2517 783 2572 aut
820 2508 1038 2592 obsequiorum
1075 2507 1280 2592 difficultate,

368 2611 567 2672 ualidissime
577 2612 736 2693 procedit.

367 2761 461 2822 Ecca
477 2758 524 2819 vir
538 2758 790 2840 sapientissimus
806 2758 840 2820 in
856 2758 923 2820 filio
939 2755 1087 2820 erudiens
1102 2758 1277 2836 universos,

326 2872 556 2924 assentatorum
594 2859 725 2939 gratiam
764 2860 912 2922 omnibus
950 2872 1129 2942 suspectam
1163 2860 1279 2937 reddit,

327 2983 499 3045 omnesque
521 2960 664 3038 deterret,
680 2973 713 3024 et
730 2962 792 3023 hoc
817 2962 947 3045 quidem
967 2962 1002 3023 in
1022 2961 1126 3036 initio,
1143 2985 1182 3026 eo
1196 2963 1278 3026 forte

326 3063 415 3148 quod
429 3074 513 3126 recte
528 3062 721 3143 gradientem
737 3064 858 3145 primus
873 3062 1072 3126 adulatorum
1088 3086 1277 3146 congressus

325 3167 500 3249 impugnat.
545 3164 629 3226 Haec
650 3163 783 3226 fortasse
805 3163 956 3225 meretrix
978 3172 1036 3243 est,
1053 3166 1145 3248 cujus
1166 3165 1280 3229 indicit

326 3266 443 3347 fugam.
488 3265 603 3342 Fatue,
623 3264 737 3349 inquit,
758 3265 915 3329 distillans
936 3266 1023 3329 labia
1043 3268 1229 3342 meretricis,
1246 3277 1279 3331 et

326 3368 459 3432 nitidius
488 3370 560 3430 oleo
591 3378 698 3447 guttur
726 3365 805 3449 ejus.
861 3367 1046 3431 Novissima
1074 3380 1179 3432 autem
1209 3369 1278 3453 ejus

326 3491 434 3534 amara
456 3471 549 3553 quasi
571 3469 779 3545 absinthium,
795 3480 826 3531 et
846 3470 957 3551 lingua
979 3470 1049 3554 ejus
1070 3482 1165 3536 acuta
1187 3474 1279 3557 quasi

326 3570 451 3652 gladius
472 3571 593 3653 biceps.
638 3569 743 3633 Pedes
764 3570 832 3654 ejus
855 3571 1055 3637 descendunt
1076 3574 1110 3635 in
1131 3586 1278 3652 mortem,

326 3682 359 3735 et
372 3670 414 3733 ad
429 3670 546 3733 inferos
561 3690 686 3750 gressus
701 3670 769 3753 ejus
783 3682 962 3751 penetrant,
971 3695 1028 3755 per
1042 3674 1188 3737 semitam
1204 3676 1276 3737 vitae

326 3792 393 3834 non
407 3772 583 3847 ambulant,
596 3770 666 3851 vagi
678 3779 753 3831 suut
763 3792 886 3851 gressus
899 3770 926 3854 ej
932 3793 968 3834 us
983 3782 1015 3835 et
1029 3774 1276 3855 investigabiles.

327 3874 425 3935 Nunc
441 3892 526 3954 ergo,
539 3870 585 3933 fili
600 3871 656 3945 mi,
668 3869 744 3932 audi
759 3891 821 3948 me,
830 3882 862 3933 et
875 3893 917 3933 ne
929 3872 1060 3935 recedas
1072 3894 1090 3935 a
1100 3875 1203 3936 verbis
1215 3876 1278 3937 oris

326 3972 400 4034 mei.
430 3973 542 4053 Longe
554 3971 604 4034 fao
620 3973 661 4033 ab
677 3991 716 4032 ea
730 3971 813 4033 mam
829 3982 925 4049 tuam,
938 3985 969 4035 et
983 3993 1024 4035 ne
1040 3974 1278 4058 appropinques

326 4073 448 4136 loribus
458 4072 573 4136 domus
587 4072 665 4156 ejus.
696 4073 779 4135 Haec
795 4074 855 4135 etsi
867 4072 908 4135 ad
919 4085 1039 4138 sectam
1053 4075 1277 4139 baereticorum

328 4182 518 4235 censeantur
531 4174 693 4256 praecipue
712 4172 888 4249 referenda,
904 4176 943 4237 ab
959 4174 1151 4239 adulationis
1165 4176 1276 4239 fraude

327 4293 395 4335 non
416 4273 520 4335 aliena
542 4284 625 4337 sunt.
671 4274 704 4337 Si
725 4297 801 4355 ergo
822 4274 863 4337 ad
884 4276 967 4339 fores
986 4276 1100 4340 domus
1123 4277 1192 4361 ejus
1211 4299 1276 4340 non

328 4373 406 4435 licet
420 4370 583 4447 accedere,
598 4374 745 4457 nunquid
765 4374 963 4440 admittenda
984 4388 1033 4441 est
1048 4380 1081 4441 in
1099 4378 1277 4462 praecordia

373 4491 444 4537 von
461 4489 510 4533 111.
790 4491 813 4532 u
