3575 5575
322 826 391 871 cae.
407 807 506 884 xvir]
657 823 914 869 coarcarrrccs.
1215 807 1278 869 387

321 979 470 1060 pretium,
495 979 591 1042 etiam
618 987 696 1040 artas
725 978 823 1039 altera
846 977 962 1053 sordet,
985 975 1031 1040 sic
1058 974 1210 1056 diligitur,
1239 986 1273 1039 ut

322 1077 398 1140 dum
427 1079 617 1142 innocenter
645 1077 746 1141 teneri
776 1086 893 1160 potest,
922 1077 1042 1140 nullius
1077 1077 1273 1142 difficultatis

319 1179 458 1244 irruente
482 1181 614 1244 articulo
635 1179 842 1263 propellatur.
888 1178 944 1242 Sic
966 1199 1040 1260 crgo
1056 1179 1211 1244 servanda
1226 1189 1273 1243 est

321 1282 394 1359 vita,
410 1293 445 1346 ut
459 1284 500 1347 sit
514 1283 734 1365 contemptui3
757 1281 804 1344 sic
820 1281 1055 1346 contemnenda
1075 1293 1133 1361 est,
1147 1293 1183 1346 ut
1199 1304 1272 1366 pro-

322 1383 411 1447 ficiat
421 1384 525 1447 saluti.
569 1382 634 1447 Sed
650 1383 723 1466 quis
738 1393 787 1446 est
808 1383 863 1466 qui
885 1381 983 1445 bodie
1004 1393 1188 1447 contemnat
1207 1384 1274 1446 ani·

320 1505 415 1556 mam,
439 1505 538 1567 quum
568 1484 685 1561 nullas,
708 1498 763 1547 aut
788 1504 877 1546 rarus
906 1479 956 1560 sit,
978 1483 1033 1567 qui
1063 1493 1130 1548 toto
1157 1485 1273 1547 mentis

322 1585 412 1648 hiatu
426 1585 595 1668 pecuniam
611 1605 677 1648 non
692 1582 922 1668 concupiscat?
958 1584 1099 1661 Quidni?

427 1699 514 1762 Quum
525 1715 608 1766 genus
619 1704 646 1751 et
655 1697 765 1752 sormam
776 1699 868 1766 regina
878 1701 989 1770 pecunia
1000 1700 1087 1763 donet,

426 1785 469 1836 Ac
478 1785 546 1837 bene
556 1789 719 1837 nummatum
731 1785 836 1837 decoret
848 1785 957 1838 suadela
970 1785 1122 1855 Venusque,

323 1888 380 1973 qni
396 1889 486 1953 dives
505 1899 565 1964 est,
581 1892 637 1974 qui
656 1901 861 1973 prosperatur
880 1890 916 1954 in
935 1891 996 1954 viis
1013 1891 1091 1970 suis,
1105 1890 1232 1975 sapiens
1243 1901 1275 1953 et

321 1990 400 2056 felix
420 1989 595 2075 judicatur.
640 1991 691 2055 Ad
715 1992 778 2054 boc
802 1992 883 2055 alius
911 2013 1045 2056 uxorem
1072 1991 1171 2071 ducit,
1193 1993 1275 2055 alius

320 2091 462 2176 quinque
479 2090 560 2175 juga
581 2092 690 2170 boum,
713 2101 768 2155 aut
796 2093 906 2155 villam
931 2092 1018 2170 emit,
1042 2102 1275 2156 commutantes

321 2193 445 2275 probis
461 2193 599 2257 animam
614 2214 714 2256 suam.
758 2192 950 2277 Graecosque,
965 2203 998 2257 et
1012 2193 1154 2272 claudos,
1169 2202 1202 2257 et
1216 2193 1271 2258 dc-

320 2294 401 2357 biles
424 2304 583 2377 reputant,
605 2293 725 2377 quibus
747 2294 887 2358 mundus
915 2316 1119 2378 nequaquam
1146 2295 1273 2372 arridet,

321 2417 404 2480 quos
427 2406 534 2460 tamea
562 2396 674 2478 ejectis
701 2393 852 2458 divitibus
880 2396 916 2456 in
941 2416 1067 2459 coenam
1097 2397 1276 2479 nuptialem

321 2497 478 2580 sapientia
513 2494 701 2572 introducit,
737 2495 795 2558 ubi
828 2495 1025 2559 inebriantur
1057 2499 1098 2561 ab
1132 2499 1275 2560 ubertate

323 2597 439 2662 domus
461 2595 539 2675 Dei,
557 2604 590 2660 et
610 2604 750 2659 torrente
776 2597 949 2680 voluptatis
975 2610 1100 2662 aeternae
1126 2609 1276 2683 potantur

326 2699 426 2762 flecti.
470 2699 603 2762 Interim
619 2698 803 2781 quicunque
819 2719 883 2760 non
905 2699 1004 2762 babet
1022 2699 1148 2764 divitias
1163 2701 1279 2763 stultus

321 2810 380 2876 cst,
400 2800 519 2875 asinus,
538 2800 649 2882 stipes,
670 2799 809 2879 caudex,
823 2802 1004 2883 plumbum,
1019 2813 1074 2865 aut
1092 2803 1118 2865 si
1135 2801 1211 2885 quid
1225 2801 1276 2863 in·

322 2900 504 2965 sensibilius
519 2912 577 2964 est
621 2900 746 2965 Stultus
762 2922 836 2983 ergo
852 2902 1011 2987 miserque
1026 2912 1085 2980 est,
1101 2903 1127 2965 si
1143 2902 1215 2985 quis
1227 2914 1276 2967 est

323 3022 455 3085 pauper.
498 3001 563 3067 Sed
577 3022 639 3065 nec
654 3002 752 3065 amari
767 3012 874 3085 potest
888 3004 929 3066 ab
945 3001 1064 3088 aliquo,
1081 3025 1176 3087 quem
1191 3006 1277 3069 mala

323 3102 448 3167 fortuna
462 3102 587 3187 premit,
604 3122 642 3165 eo
658 3100 746 3185 quod

430 3216 512 3270 Nulla
522 3216 591 3269 fides
602 3233 716 3285 unquam
727 3217 835 3269 miseros
847 3216 929 3286 elegit
938 3219 1044 3283 amicos,

324 3332 357 3385 et
376 3323 462 3408 juste
485 3323 626 3387 creditur
652 3322 791 3407 quisque
814 3325 900 3388 mala
921 3325 1014 3404 ferre,
1037 3348 1107 3410 quae
1131 3328 1277 3404 sustinet,

324 3421 468 3506 adeoque
487 3444 619 3506 regnum
640 3424 788 3506 pecuniae
807 3424 952 3503 invaluit,
970 3438 1006 3491 ut
1028 3426 1213 3513 desperetur
1235 3429 1276 3493 de

325 3521 391 3584 fide
397 3524 530 3605 judicis,
542 3525 598 3607 qui
613 3526 740 3608 repellit
752 3548 884 3591 munera
899 3530 1072 3595 offerentis.
1109 3528 1143 3595 Si
1155 3531 1277 3615 pacisci

324 3623 496 3697 detrectas,
511 3623 695 3706 pollicentis
710 3626 826 3689 rideris
846 3628 953 3693 odisse
969 3651 1107 3694 causam.
1151 3632 1196 3695 Et
1215 3632 1277 3695 for·

325 3736 409 3789 tasse
424 3726 551 3801 affectu,
568 3724 619 3816 vel
637 3744 769 3789 munere
791 3748 861 3791 esse
876 3729 1015 3793 crederis
1032 3744 1279 3817 praecorruptus,

325 3828 353 3891 si
369 3845 556 3910 permanere
579 3825 627 3888 vis
649 3826 861 3910 incorruptus.
907 3831 1073 3895 Sententia
1093 3833 1143 3894 rel
1165 3834 1276 3916 opinio

322 3927 593 4009 Philosophorum
609 3927 740 3991 omnino
756 3931 893 4008 evanuit,
908 3931 986 3994 dum
1005 3933 1053 3997 sic
1076 3954 1188 3998 omncs
1203 3948 1277 4019 post

324 4030 451 4094 divitias
473 4039 611 4106 curram,
632 4048 670 4092 ac
694 4028 722 4091 si
748 4029 826 4092 alibi
850 4030 996 4093 laborum
1022 4032 1161 4115 requies,
1186 4034 1276 4099 dolo·

322 4152 455 4215 rumque
478 4130 627 4194 solatium
646 4129 782 4195 inveniri
801 4152 868 4194 non
889 4143 1008 4215 posset,
1030 4156 1067 4199 ac
1087 4136 1116 4199 si
1132 4138 1277 4220 naufragi

323 4231 364 4295 de
382 4231 542 4316 profundo
561 4244 681 4314 queant
695 4242 823 4297 enatare
837 4232 974 4310 facilius
990 4236 1017 4299 si
1037 4239 1195 4319 praegravi
1210 4260 1276 4303 sar·

323 4331 398 4394 cina
424 4330 543 4394 fuerint
568 4332 699 4396 onerati.
753 4332 820 4397 Sed
846 4332 920 4418 quis
946 4354 1088 4417 unquam
1113 4338 1277 4403 ulcerosus

325 4433 435 4515 spinas
449 4435 621 4514 congessit,
632 4443 669 4498 ut
683 4435 842 4499 volutatus
855 4435 889 4498 in
901 4436 947 4501 eis
960 4436 1105 4520 quiescat
1115 4438 1275 4503 molliter?

370 4554 443 4600 von.
459 4554 510 4597 111.
796 4556 815 4598 z
