3575 5575
484 768 544 826 180
731 776 867 821 tornius
882 771 1161 819 saarsnaarausrs
1282 752 1365 831 [arn.
1383 767 1433 813 111.

483 932 533 996 sui
554 931 684 1006 oblitus,
705 949 876 1012 personam
898 925 1050 1008 exprimit
1072 923 1220 986 alienam.
1266 922 1333 985 Sed
1356 921 1435 984 sorte

483 1054 522 1095 eo
546 1031 712 1114 Prophetae
734 1028 838 1092 tendit
860 1026 1035 1099 oraculum,
1052 1034 1088 1088 ut
1109 1045 1165 1086 eos
1187 1043 1270 1106 qnos
1291 1021 1436 1084 nondum

482 1142 564 1194 terra
586 1128 764 1203 absorbuit,
790 1126 907 1189 doceat
931 1125 1050 1208 jugiter
1078 1123 1222 1185 militare.
1268 1121 1351 1184 Nam
1382 1121 1437 1202 qui

447 1285 452 1294 .
482 1232 600 1314 captivi
618 1230 766 1292 citiorum
785 1228 927 1310 impulsu
950 1225 1115 1288 trahuntur
1137 1224 1178 1286 ad
1199 1244 1340 1308 poenam,
1355 1223 1438 1286 sicut

482 1334 542 1396 bos
552 1330 767 1395 immolandus
778 1329 820 1393 ad
832 1329 1003 1402 victimam,
1015 1328 1251 1407 abeuntespost
1266 1323 1435 1407 concupis-

483 1435 607 1500 centias
622 1454 706 1507 suas,
722 1433 781 1495 etsi
795 1450 929 1514 corpore
952 1428 1119 1491 videantur
1133 1427 1312 1490 inhabitare
1326 1447 1435 1508 super-

483 1535 588 1601 ficiem
603 1545 704 1612 terrae,
721 1534 785 1596 viri
805 1544 911 1597 tamen
927 1530 1069 1612 absorpti
1089 1541 1173 1606 sunt,
1187 1538 1219 1591 et
1239 1526 1438 1590 descendunt

483 1637 516 1700 in
531 1635 688 1699 infemum
705 1636 855 1697 viventes.
884 1633 940 1708 Et,
952 1633 979 1692 si
995 1632 1092 1694 alium
1107 1629 1259 1694 orationis
1274 1629 1437 1712 sequimur

482 1749 621 1820 tropum,
635 1747 749 1799 terram
763 1754 994 1818 usquequaque
1004 1732 1196 1805 inhabitant,
1212 1751 1345 1814 quorum
1362 1751 1438 1792 con·

484 1839 620 1901 versatio
640 1837 674 1898 in
690 1838 781 1900 coelis
801 1844 851 1898 est
867 1831 1009 1909 minime,
1025 1854 1095 1896 nec
1107 1833 1170 1896 sibi
1189 1832 1296 1896 sciunt
1315 1831 1438 1915 aliquid

484 1940 518 2002 in
539 1939 624 2002 coeio
646 1959 728 2015 esse,
748 1950 780 2000 et
802 1936 836 1998 id
855 1936 1016 1998 duntaxat
1037 1937 1190 1999 affectant
1211 1934 1329 2011 animo,
1352 1933 1438 2018 quod

486 2041 625 2104 cernitur
640 2048 872 2122 superterram.
908 2037 970 2099 His
984 2057 1113 2121 quoque
1128 2038 1242 2100 militia
1253 2035 1340 2119 jugis
1355 2033 1438 2098 indi·

486 2141 579 2218 citur,
594 2141 722 2223 quibus,
730 2150 770 2201 ut
784 2138 824 2201 ad
840 2138 964 2201 fabulas
982 2139 1158 2216 redeamus,
1174 2159 1234 2202 nec
1250 2136 1337 2200 unda
1351 2138 1437 2200 Tan-

485 2243 553 2320 tali,
568 2242 656 2325 Tytii
676 2242 790 2318 vultur,
804 2250 874 2302 rota
896 2241 1032 2318 Ixionis,
1046 2239 1197 2304 Belidnm
1219 2262 1309 2319 urna,
1325 2261 1439 2304 saxum

488 2345 621 2429 Sisyphi
635 2343 735 2421 deest,
751 2343 827 2407 dnm
844 2347 992 2407 voluntas
1006 2345 1128 2408 mundo
1145 2345 1312 2427 implicita,
1326 2345 1438 2428 nequit

486 2448 619 2530 implere
631 2447 839 2530 propositum,
855 2445 1007 2529 quamdiu
1019 2446 1236 2528 peregrinatur
1251 2468 1271 2510 a
1286 2447 1435 2509 Domino.

486 2548 628 2612 istorum
653 2545 718 2608 vita
739 2546 864 2624 militia,
884 2557 919 2607 et
943 2558 1027 2608 certe
1050 2546 1170 2610 malitia
1192 2558 1248 2610 est.
1294 2547 1390 2619 Quod
1413 2547 1440 2608 si

487 2648 650 2725 abhorres,
680 2647 743 2711 alia
771 2647 1033 2730 interpretatione
1063 2648 1241 2726 doceberis,
1271 2649 1348 2732 quia
1377 2648 1441 2711 vita

486 2748 624 2813 hominis
647 2756 870 2831 superterram
891 2748 1025 2811 tentatio
1048 2759 1113 2811 est:
1145 2770 1227 2833 quae‚
1251 2753 1279 2811 si
1300 2749 1441 2831 proprie·

485 2863 584 2915 tatem
593 2850 735 2915 nominis
745 2850 918 2932 sequimur,
928 2849 1002 2911 mali
1013 2850 1208 2933 frequentius
1218 2851 1440 2914 habetnotam.

488 2954 528 3015 ln
542 2952 603 3013 hac
619 2952 730 3034 utique
744 2951 931 3027 tentatione,
944 2952 992 3014 vel
1007 2950 1138 3028 malitia,
1153 2952 1227 3015 licet
1242 2952 1304 3014 sibi
1319 2961 1441 3035 septem

486 3052 732 3115 milliarirorum
742 3051 902 3113 Dominus
911 3052 1126 3128 reservaverit,
1136 3051 1199 3115 fere
1208 3053 1442 3117 totusmundus

487 3175 530 3216 ex
545 3154 661 3216 Arbitri
676 3152 778 3215 nostri
789 3153 948 3214 sententia
961 3152 1094 3215 mimum
1109 3154 1234 3216 videtur
1247 3155 1389 3237 implere,
1400 3156 1442 3219 ad

488 3253 689 3317 Comoediam
712 3274 803 3315 suam
826 3251 1064 3336 quodammodo
1086 3253 1271 3338 respiciens,
1288 3264 1329 3326 et,
1354 3254 1440 3337 quod

490 3354 629 3417 deterius
650 3364 710 3428 est,
726 3373 764 3415 eo
779 3374 881 3435 usque
896 3351 1074 3416 Comoediae
1090 3375 1155 3416 snae
1177 3354 1340 3433 insistunt,
1355 3365 1391 3418 ut
1405 3356 1439 3417 in

488 3475 523 3518 se
539 3474 637 3537 quum
655 3474 737 3535 opus
751 3452 855 3531 suerit,
868 3453 972 3517 redire
986 3475 1051 3517 non
1064 3455 1196 3539 possint.
1234 3456 1309 3519 Vidi
1325 3479 1441 3541 pueros

490 3566 552 3619 tam
563 3552 623 3617 diu
633 3555 876 3617 balbutientium
890 3556 969 3619 vitia
979 3557 1107 3634 imitari,
1117 3567 1153 3619 ut
1164 3559 1368 3641 postmodum
1379 3580 1439 3622 nec

489 3679 590 3742 quum
603 3657 733 3735 vellent,
744 3665 830 3719 recte
841 3658 931 3741 loqui
943 3660 1114 3741 potuerint.
1143 3662 1231 3723 Usus
1242 3661 1339 3735 enim,
1352 3672 1387 3724 ut
1398 3662 1442 3725 ait

488 3756 631 3842 quidam,
647 3775 731 3840 aegre
752 3758 938 3837 dediscitur,
953 3770 984 3823 et
1000 3762 1200 3825 consuetudo
1218 3764 1308 3826 alteri
1323 3775 1441 3827 naturae

486 3860 617 3935 assistit,
632 3880 729 3942 quam
744 3860 823 3922 licet

592 3964 719 4035 Expellas
728 3963 809 4031 furca,
821 3971 909 4018 tamen
920 3984 1002 4035 usqne
1013 3972 1135 4033 recurret,

488 4058 585 4123 Unde
595 4071 630 4121 et
639 4060 776 4122 Ethicus
785 4063 920 4144 provide
930 4064 1105 4146 quidemet
1113 4064 1247 4127 utiliter:
1269 4066 1441 4148 Optimam,

487 4159 604 4243 inquit,
617 4159 747 4222 vivendi
761 4164 1026 4227 consuetudinem
1041 4167 1082 4227 ab
1096 4166 1227 4228 ineunte
1243 4178 1335 4230 aetate
1349 4169 1443 4249 elige,

486 4283 558 4326 eam
575 4261 631 4325 tibi
642 4261 821 4345 jucundam
836 4285 914 4327 usus
930 4267 1056 4329 efficiet.
1094 4268 1289 4349 Magnorum
1304 4269 1451 4353 proinde·
1504 4264 1512 4277 '

486 4366 621 4429 virorum
645 4384 768 4443 sensus,
791 4369 954 4431 saecularis
976 4368 1046 4433 haec
1071 4381 1239 4453 expugnat
1262 4372 1441 4436 Comoedia.
