3575 5575
372 798 441 843 car.
457 781 518 857 rv.]
717 793 974 839 marcuarrcus.
1279 780 1321 839 25

371 949 492 1033 quippe
530 947 679 1013 Chironis
714 947 907 1025 habuerunt,
934 946 1021 1010 uude
1049 946 1121 1011 hacc
1152 946 1320 1013 discerent.

370 1048 483 1113 Caveri
512 1068 651 1130 namque
675 1046 830 1131 jubentur
858 1046 1006 1113 convivia
1034 1045 1277 1127 Centaurorum,
1302 1070 1322 1113 a

370 1150 488 1234 quibus
516 1149 586 1213 sine
615 1148 764 1213 cicatrice
796 1170 891 1213 nemo
925 1147 1101 1227 revertitur.
1161 1149 1258 1223 Quod
1293 1153 1322 1217 si

370 1250 522 1323 historiis,
534 1270 615 1333 qrvas
625 1248 692 1312 suis
707 1258 812 1331 poetae
823 1248 1046 1313 decoloravere
1055 1248 1229 1331 figmentis,
1238 1250 1322 1317 fides

370 1350 580 1415 subtrahitur:
610 1349 658 1412 illi
671 1350 781 1433 utique
796 1349 885 1413 credi
899 1369 1032 1413 necessa
1049 1360 1109 1428 eat,
1124 1371 1202 1436 quae¹
1218 1372 1261 1413 ex
1282 1371 1322 1415 eo

370 1449 458 1533 quod
469 1449 589 1533 scripta
598 1460 647 1513 est
658 1450 722 1513 Dei
732 1448 845 1531 digito,
854 1449 1110 1533 irrefragabilem
1115 1428 1202 1532 adad
1210 1472 1323 1515 omnes

369 1560 482 1631 gentes
497 1550 607 1613 sortita
620 1566 671 1613 est
685 1551 924 1641 auctorith
963 1551 1088 1613 Primus
1102 1571 1178 1631 ergo
1192 1551 1323 1634 ponitur

369 1650 525 1713 Nemroth
548 1651 697 1713 robustus
719 1659 849 1713 venator
871 1659 983 1713 eontra
1005 1650 1192 1714 Dominum.
1234 1653 1322 1717 Eum

368 1736 541 1835 fe'nrltb'ffm
556 1751 655 1813 fuisse
677 1770 744 1813 non
765 1748 912 1832 ambigis,
926 1771 1021 1834 quem
1044 1751 1188 1816 omnium
1210 1752 1320 1818 docto·

369 1873 440 1916 rum
454 1852 548 1915 turba
568 1851 771 1915 condemnat.
815 1853 965 1917 Traditur
986 1853 1039 1917 bic
1062 1853 1096 1916 iu
1117 1863 1238 1917 tanum
1259 1856 1323 1919 ela-

369 1954 466 2017 tionis
488 1953 631 2037 erupisse
652 1952 845 2034 vecordiam,
865 1965 903 2017 ut
919 1975 985 2018 nou
1007 1956 1169 2018 vereretur
1184 1955 1259 2039 jura
1275 1966 1322 2023 te-

368 2077 488 2121 merare
500 2068 631 2137 uaturae,
641 2077 739 2140 quum
751 2067 917 2120 consortes
927 2055 1132 2131 conditionis,
1142 2069 1174 2122 et
1184 2060 1321 2141 generis

370 2180 450 2243 quoa
472 2158 630 2240 ingenuos
643 2158 699 2221 illa
721 2168 891 2236 creaverat,
906 2159 960 2222 hic
983 2157 1147 2223 addiceret
1167 2161 1320 2226 servimti.

369 2258 563 2342 Tyrannidis
577 2281 653 2341 ergo
668 2261 828 2341 fastigium
842 2260 876 2324 iu
893 2261 1120 2324 contumeliam
1136 2264 1287 2327 creatoris
1301 2284 1321 2327 a

369 2370 519 2424 venatore
534 2360 703 2442 iucipiens,
714 2361 812 2423 alium
822 2382 889 2424 non
903 2361 1028 2424 invenit
1041 2371 1213 2439 auctorem,
1224 2383 1320 2446 quam

369 2483 444 2525 eum
469 2462 524 2545 qui
550 2461 583 2523 in
609 2461 697 2524 caede
723 2462 869 2540 ferarum,
894 2471 929 2525 et
953 2462 1119 2525 volutabro
1144 2464 1321 2544 sanguinis,

368 2564 504 2626 Domini
519 2572 737 2646 contemptum
752 2562 928 2627 didicisset.
973 2562 1084 2645 coepit
1097 2563 1183 2626 euim
1204 2575 1321 2648 potens

369 2686 440 2729 esse
455 2666 489 2726 in
511 2675 602 2727 terra.
647 2663 701 2727 Sic
723 2684 863 2746 namque
885 2664 1041 2745 scriptum
1064 2674 1128 2725 est:
1158 2664 1211 2726 Eo
1233 2664 1320 2748 quod

369 2785 435 2828 nou
449 2763 675 2848 expectaverit,
691 2772 726 2825 ut
740 2762 903 2844 acciperet
917 2783 937 2825 a
960 2758 1101 2824 Domino
1123 2770 1320 2846 potestatam.

369 2865 569 2948 Principium
590 2864 681 2946 regni
702 2863 771 2948 ejus
796 2864 959 2946 Babylon,
980 2862 1191 2948 dilatamsque
1214 2867 1321 2931 estin

369 2980 481 3032 terram
495 2968 649 3043 Seuuaar,
658 2965 715 3030 ubi
731 2986 831 3050 quum
847 2976 915 3031 tota
928 2977 1011 3030 terra
1025 2978 1109 3030 esset
1123 2967 1218 3032 unius
1230 2970 1321 3050 labii,

368 3067 604 3151 eorundemque
627 3088 818 3145 sermonum,
833 3067 866 3130 in
890 3069 1008 3132 coelum
1030 3080 1139 3133 erecta
1155 3077 1205 3134 eat
1226 3071 1320 3135 turris

369 3171 483 3247 Babel,
508 3169 632 3232 habens
657 3168 772 3232 lateres
800 3189 859 3250 pro
888 3167 1063 3252 lapidibus,
1088 3169 1233 3234 bitumen
1261 3193 1319 3256 pro

369 3284 538 3348 caemento,
552 3292 618 3333 non
640 3269 763 3333 habeus
777 3267 811 3332 iu
826 3269 1036 3334 fundamento
1058 3281 1198 3354 petram3
1226 3273 1320 3359 cujus

368 3373 522 3456 singulari
542 3369 702 3436 soliditate
725 3381 855 3450 structa,
869 3371 974 3434 omnia
997 3370 1169 3436 edificatio
1192 3373 1227 3436 in
1251 3376 1320 3439 Do·

367 3477 456 3539 mino
471 3473 675 3538 convalescit.
721 3475 764 3536 At
784 3473 932 3558 improba
953 3474 1112 3538 temeritas
1133 3477 1175 3540 ab
1198 3476 1320 3542 unitate

367 3574 512 3657 precisa,
525 3573 704 3654 linguarum
727 3572 864 3635 succidit
886 3572 1050 3651 unitatem,
1065 3585 1098 3638 et
1118 3575 1222 3658 prima
1242 3597 1320 3641 cou-

366 3674 524 3738 lusionem
539 3673 664 3752 meruit,
678 3695 749 3757 quae
764 3674 798 3735 in
814 3695 849 3738 se
865 3694 962 3757 quam
975 3676 1011 3738 in
1032 3675 1106 3739 Deo
1121 3678 1233 3740 maluit
1250 3679 1318 3758 glo·

367 3775 448 3842 riari.
502 3772 614 3838 Exivit
642 3774 684 3837 ab
710 3773 773 3837 hoc
803 3774 1018 3856 proverbium,
1040 3775 1140 3846 Quasi
1163 3777 1319 3844 Nemroth

367 3879 516 3941 robustus
540 3884 670 3938 venator
696 3894 803 3937 coram
830 3873 985 3951 Domino,
1008 3874 1091 3938 forte
1119 3875 1197 3959 quia
1221 3887 1319 3946 multe

368 3977 517 4042 elationis
536 3977 571 4040 in
593 3996 627 4039 se
653 3974 771 4052 extitit,
784 3985 821 4038 ut
844 3995 905 4037 uec
928 3974 1067 4038 recentia
1087 3995 1185 4058 poeua
1206 3977 1320 4043 diluvii

368 4091 479 4163 posset
498 4079 621 4158 instrui,
643 4079 721 4162 quin
744 4080 778 4142 in
800 4077 903 4142 oculis
925 4075 1059 4141 Domini
1079 4079 1267 4162 superbiret,
1287 4089 1321 4146 et

369 4182 558 4265 obsequium
574 4179 662 4264 quod
684 4182 724 4245 ab
746 4180 877 4244 bomine
891 4179 1034 4242 Domino
1057 4178 1243 4259 debebatur,
1257 4181 1319 4245 sibi

370 4282 598 4345 contumaciter
609 4291 791 4364 usurparet3
815 4278 1318 4362 quumconstetquodcoufusio-

370 4402 444 4446 nem
466 4381 644 4462 linguarum
667 4382 821 4446 diluvium
844 4381 1026 4446 antecessit.
1070 4379 1230 4462 Babylon,
1248 4381 1318 4461 qui·

1421 1382 1673 1503 (arnald
