3575 5575
1169 158 1689 677 ’Ἶ

515 774 553 833 18
773 786 912 831 rotatus
927 788 1204 835 saussauuruusrs
1341 772 1423 854 [utu.
1441 791 1463 835 1.

513 939 662 1023 prodigit,
676 948 709 1003 et
730 940 764 1003 in
786 942 1014 1005 coutumeliam
1034 941 1174 1006 auctoris
1187 942 1344 1009 effundit?
1376 942 1464 1016 Quid

512 1062 551 1105 eo
574 1042 708 1119 brutius,
724 1042 780 1124 qui
802 1062 844 1106 ex
867 1041 996 1107 defectu
1019 1042 1161 1121 rationis,
1175 1054 1209 1107 ot
1228 1044 1369 1127 impulsu
1390 1044 1464 1108 libi·

513 1142 609 1216 dinis,
627 1142 766 1206 dimissis
788 1144 937 1227 propriis,
953 1145 1057 1208 aliena
1077 1146 1207 1226 negotia
1228 1157 1328 1223 curat,
1342 1157 1375 1210 et
1395 1166 1463 1209 non

512 1243 609 1307 modo
624 1244 772 1325 negotiis,
788 1242 845 1309 sed
860 1255 892 1310 et
907 1246 1022 1309 alienis
1037 1246 1117 1310 ociis
1129 1245 1250 1330 jugiter
1264 1246 1461 1333 occupatur?

512 1345 600 1417 Quid
614 1367 653 1408 eo
668 1347 843 1425 bestialius,
855 1348 912 1431 qui
926 1348 1045 1411 omisso
1061 1348 1178 1423 officio,
1191 1347 1231 1411 de
1245 1348 1352 1414 media
1365 1360 1461 1413 nocte

511 1448 621 1528 surgit,
651 1458 686 1510 ut
714 1448 884 1529 sagacitate
921 1470 1048 1527 cauum,
1077 1459 1262 1513 venatorum
1293 1450 1462 1526 industria,

510 1546 615 1610 studio
645 1548 912 1625 commilitonum,
942 1548 1136 1611 servulorum
1168 1548 1265 1612 fretus
1295 1551 1461 1635 obsequio,

509 1646 660 1730 temporis
671 1656 704 1710 et
718 1648 810 1711 samm
820 1648 959 1731 jactura,
970 1669 1075 1713 rerum
1085 1649 1268 1733 laborisque
1279 1651 1460 1736 dispendio,

508 1746 549 1811 de
563 1756 658 1812 nocte
673 1748 714 1811 ad
730 1759 860 1813 noctem
874 1758 996 1833 pugnet
1010 1749 1053 1813 ad
1067 1748 1209 1817 bestias?

687 2020 767 2105 Cap.
783 2026 814 2083 2.
841 2019 932 2087 Quid
945 2021 980 2083 in
995 2019 1114 2083 studies
1127 2024 1281 2086 ebenum.

550 2146 713 2209 Auruuurt
727 2145 869 2229 profecto
885 2154 946 2222 est,
961 2146 1050 2229 quod
1064 2148 1144 2215 ratio
1157 2158 1278 2215 naturas
1294 2152 1345 2214 vel
1359 2151 1458 2217 officii

505 2266 571 2309 nou
585 2243 719 2322 inducit,
735 2245 760 2307 si
776 2256 882 2307 tamen
898 2244 1058 2308 interdum
1072 2258 1159 2314 recte
1173 2248 1292 2313 dicitur
1306 2249 1456 2325 alienum,

506 2344 592 2427 quod
607 2345 724 2409 rectius
739 2344 841 2409 fuerat
857 2364 982 2426 semper
1002 2344 1098 2409 fuisse
1112 2348 1241 2415 nullius
1285 2349 1367 2421 Quae
1382 2372 1456 2415 vero

504 2456 623 2509 uaturae
639 2455 723 2523 suut,
737 2466 886 2529 peraeque
902 2455 977 2508 sunt
996 2447 1158 2525 omnium;
1188 2470 1260 2533 quae
1276 2451 1384 2528 officii,
1399 2473 1457 2517 sua

504 2557 578 2613 sunt
598 2548 808 2628 singulorum.
850 2546 947 2612 Aliud
969 2547 1079 2629 itaque
1102 2569 1144 2611 ex
1165 2549 1285 2629 officio,
1304 2551 1392 2615 aliud
1412 2574 1456 2617 ex

421 2662 424 2667 '
502 2658 632 2715 naturas
662 2651 739 2715 licet
754 2660 874 2713 uaturae
890 2649 937 2713 vis
957 2670 1000 2712 ex
1016 2649 1124 2713 officio
1147 2649 1309 2715 debeatur.
1353 2654 1457 2719 Parri-

501 2752 576 2816 cidii
591 2752 748 2838 siquidem
764 2752 888 2837 species
910 2760 969 2826 est,
985 2752 1172 2836 impugnare
1188 2753 1265 2838 jura
1277 2767 1409 2837 nature,
1424 2768 1457 2822 et

501 2857 655 2936 sacrilegii
684 2857 795 2930 instar,
820 2855 963 2938 parentis
991 2855 1079 2936 leges
1108 2857 1281 2934 evacuare,⁴
1302 2867 1334 2919 ct
1362 2860 1456 2924 matri

501 2955 642 3018 omnium
656 2957 810 3018 honorem
826 2955 972 3020 debiturn
988 2977 1053 3017 non
1069 2958 1192 3020 referre.
1234 2958 1331 3031 Quod
1345 2971 1453 3026 tamen

500 3054 579 3116 ratio
595 3075 638 3118 ex
658 3053 804 3120 honestis
826 3054 931 3115 causis
953 3052 1104 3130 admittit,
1117 3075 1185 3118 non
1198 3065 1247 3118 est
1268 3058 1456 3140 simpliciter

500 3155 650 3220 alienum.
696 3152 731 3216 si
759 3151 905 3216 modesta
932 3153 1013 3216 forte
1037 3150 1234 3235 jucunditas,
1258 3157 1310 3216 vel
1334 3158 1454 3224 utilitas

499 3254 620 3332 subest,
635 3263 666 3316 ot
687 3253 810 3317 nemini
830 3262 997 3328 noceatur,
1012 3250 1092 3330 (hoc
1114 3251 1232 3316 etenim
1254 3274 1321 3318 nou
1343 3256 1453 3322 adver·

500 3366 586 3420 satur
607 3355 713 3420 officio
728 3355 778 3418 vel
800 3363 922 3420 naturae
932 3357 954 3435 3)
985 3353 1036 3415 siu
1058 3361 1163 3417 autem
1178 3353 1345 3438 impugnat
1359 3358 1452 3422 alter·

499 3470 615 3536 utrum,
636 3456 743 3520 statim
766 3470 814 3520 est
836 3466 869 3520 at
893 3454 1081 3538 simpliciter
1106 3454 1257 3531 alienum,
1280 3469 1313 3520 ct
1337 3480 1452 3544 usque-

478 3609 483 3618 .
498 3579 625 3642 quaque
640 3579 706 3620 non
721 3557 805 3622 licet·
849 3556 959 3640 Hujus
978 3555 1088 3640 itaque
1103 3558 1311 3622 contrectatio
1324 3581 1452 3647 semper

496 3669 554 3740 est,
570 3669 626 3726 aut
640 3659 756 3726 erroris
770 3668 827 3726 sut
841 3657 992 3723 criminis.

497 3932 578 4015 Gap.
593 3938 622 3996 3.
650 3933 851 3997 Distributio
870 3931 1059 4018 officiorum,
1080 3954 1123 3996 ex
1140 3934 1275 4016 politica
1296 3936 1450 4028 constitu·

845 4036 931 4095 tione
944 4041 1098 4095 veterum.

536 4166 749 4236 Pumosorut
759 4165 915 4244 gentium,
921 4163 1169 4250 justitiam,quae
1178 4165 1312 4246 politica
1320 4166 1448 4249 dicitur,

492 4267 664 4353 praeceptis
683 4277 716 4330 et
734 4266 877 4332 moribus
897 4265 1116 4344 informantes,
1138 4267 1232 4352 cujus
1251 4269 1362 4334 merito
1384 4293 1448 4337 res-

490 4370 622 4454 publica
647 4369 814 4437 homiuum
840 4366 986 4433 subsistit
1011 4378 1044 4433 et
1072 4368 1168 4448 viget,
1189 4391 1448 4460 unumquemque
