3575 5575
715 795 857 840 cAP.
889 781 1140 860 xxva]
1466 800 1978 846 PoLYcRA'ncus.
2498 787 2617 848 151

713 961 980 1010 mortem
1034 950 1375 1014 terminum
1437 973 1561 1014 non
1616 973 1751 1014 esse
1809 949 2143 1026 malorum,
2197 949 2306 1013 sed
2364 964 2611 1016 antece-

707 1044 996 1112 dentium
1042 1063 1106 1114 et
1152 1048 1626 1115 succedentium
1674 1048 1989 1136 copulam.
2080 1049 2189 1115 Ad
2236 1051 2398 1115 hanc
2436 1053 2611 1137 fugi·

707 1145 932 1209 endam
981 1170 1106 1212 non
1148 1149 1405 1215 oracula
1445 1162 1687 1226 vatum,
1720 1172 1844 1213 non
1892 1150 2205 1235 Pythonis
2233 1152 2612 1217 consultatio

704 1250 1049 1314 necessaria
1092 1265 1224 1316 est:
1287 1252 1536 1316 fidelius
1580 1265 1645 1316 et
1693 1252 1916 1315 utilius
1958 1251 2040 1315 ad
2087 1252 2205 1315 hoc
2250 1252 2414 1318 ratio
2458 1255 2610 1320 data

703 1349 994 1416 consulit.
1065 1355 1229 1418 Cato
1253 1355 1318 1417 in
1347 1351 1556 1438 Libya
1578 1358 1880 1416 extremae
1902 1351 2293 1418 difficultatis
2314 1355 2611 1439 angustia

705 1463 1088 1531 coarctatuS,
1135 1454 1517 1515 Ammonem
1579 1452 1810 1514 Jovem
1870 1450 2251 1534 dedignatus
2308 1466 2403 1517 est
2464 1477 2614 1518 con-

705 1547 982 1622 sultare;
1030 1563 1209 1614 ratus
1254 1551 1373 1614 sibi
1415 1551 1723 1614 rationem
1763 1549 2048 1612 sufficere
2090 1563 2158 1614 ut
2201 1552 2610 1634 persuaderet

707 1650 1078 1714 servandam
1111 1651 1491 1722 libertatem,
1526 1663 1590 1713 et
1622 1672 1745 1713 non
1776 1649 1967 1712 modo
1996 1649 2440 1716 dominationis
2472 1655 2613 1719 Cae-

711 1772 910 1815 sareae
944 1753 1204 1837 jugum,
1249 1753 1359 1816 sed
1406 1773 1656 1816 omnem
1699 1762 1917 1815 notam
1967 1751 2386 1836 turpitudinis
2435 1754 2605 1839 fugi-

705 1851 952 1918 endam.
1021 1854 1200 1919 Licet
1231 1853 1295 1917 in
1327 1877 1401 1916 eo
1431 1851 1732 1916 erraverit
1758 1850 1930 1936 quod
1954 1852 2329 1917 auctoritate
2350 1855 2611 1941 propria
2686 1918 2691 1924 .

705 1953 856 2018 vitae
885 1977 1116 2020 munus
1144 1955 1410 2041 abjecit:
1488 1953 1665 2039 quod
1705 1975 1829 2016 non
1874 1952 2064 2017 modo
2102 1953 2404 2019 fidelium
2428 1956 2607 2021 insti-

704 2054 900 2129 tutis;
951 2055 1060 2119 sed
1086 2055 1648 2121 constitutionibus
1676 2052 1988 2138 gentium,
2021 2066 2085 2118 et
2114 2055 2607 2140 sapientissimo-

705 2178 850 2219 rum
881 2155 1106 2219 edictis
1135 2169 1380 2221 constat
1412 2179 1545 2220 esse
1574 2154 1994 2240 prohibitum.
2071 2155 2317 2219 Veteris
2344 2155 2608 2241 quidem

702 2256 1126 2342 pbilosophiae
1174 2256 1491 2344 principes
1547 2255 1949 2340 Pythagoras
2000 2265 2064 2319 et
2116 2255 2407 2321 Plotinus
2457 2279 2605 2343 pro-

702 2356 1030 2423 hibitionis
1053 2358 1250 2444 hujus
1268 2381 1390 2422 non
1418 2372 1547 2423 tam
1569 2368 1865 2422 auctores
1884 2368 2030 2421 sunt
2050 2378 2242 2442 quam
2262 2379 2605 2443 praecones,

701 2457 960 2520 omnino
1018 2456 1314 2522 illicitum
1375 2479 1511 2522 esse
1569 2455 1875 2538 dicentes,
1931 2456 2295 2541 quempiam
2357 2457 2605 2522 militiae

704 2559 1077 2622 servientem
1109 2582 1149 2622 a
1186 2557 1483 2644 proesidio
1518 2569 1582 2623 et
1626 2556 1958 2622 commissa
2002 2558 2124 2621 sibi
2166 2558 2435 2622 statione
2475 2559 2604 2624 dis-

703 2658 949 2737 cedere,
1000 2660 1160 2723 citra
1210 2660 1393 2724 ducis
1443 2660 1538 2724 vel
1600 2658 1905 2744 principis
1954 2658 2321 2743 jussionem.
2412 2658 2605 2724 Plane

701 2759 978 2843 eleganti
1022 2759 1315 2845 exemplo
1362 2760 1454 2825 usi
1499 2771 1673 2835 sunt,
1720 2781 1797 2821 eo
1840 2758 2017 2844 quod
2062 2756 2289 2821 militia
2331 2770 2427 2822 est
2473 2759 2604 2825 vita

701 2860 972 2924 hominis
996 2882 1188 2945 super
1212 2874 1465 2927 terram.
1536 2859 1708 2934 Quid
1737 2858 1787 2923 si
1811 2872 2031 2923 contra
2052 2858 2325 2943 jubeant
2347 2860 2605 2925 oracula

703 2972 949 3039 vatum,
981 2961 1082 3024 vel
1111 2984 1412 3047 responsa
1443 2958 1806 3047 Pythonis?
1852 2959 2091 3023 Procul
2122 2959 2318 3023 dubio
2348 2960 2603 3025 minime

701 3062 1003 3127 audiendi
1054 3077 1228 3141 sunt,
1271 3065 1424 3150 quia
1462 3086 1608 3127 cum
1648 3061 1934 3149 periculo
1978 3061 2376 3139 innocentiae,
2416 3086 2603 3127 nemo

698 3162 997 3249 cuiquam
1039 3164 1230 3229 debet
1269 3165 1484 3230 fidem.
1581 3164 1648 3227 Si
1693 3163 1847 3227 mihi
1887 3184 2014 3226 non
2054 3161 2279 3239 crediS‚
2319 3166 2600 3227 Numam

698 3264 1136 3328 Romanorum
1171 3265 1629 3351 Imperatorem
1663 3263 1797 3327 fere
1825 3261 2406 3326 innocentissimum
2438 3286 2602 3346 prse-

699 3379 798 3429 ter
844 3367 1096 3445 Titum,
1137 3366 1187 3429 si
1234 3366 1464 3451 placet,
1503 3364 1790 3430 attende.
1876 3368 2052 3428 Dum
2097 3362 2478 3427 invitaretur
2518 3366 2598 3426 ad

698 3465 1138 3543 homicidium,
1168 3468 1373 3553 petito
1401 3466 1611 3552 capite
1640 3464 1722 3529 ad
1755 3463 2078 3543 sacrificia,
2106 3462 2349 3527 censuit
2378 3486 2594 3546 celiam

699 3588 834 3628 esse
869 3564 1261 3645 caedendam,
1289 3565 1620 3629 reflectens
1660 3564 1743 3627 ad
1779 3562 2201 3628 innocentiam
2235 3564 2422 3627 etiam
2458 3586 2598 3646 per*

698 3664 860 3729 versi
893 3664 1172 3728 numinis
1198 3669 1608 3730 voluntatem.
1654 3666 1750 3728 At
1777 3686 1979 3748 quum
2009 3663 2282 3726 hominis
2302 3662 2602 3746 adjicere*

692 3778 801 3831 tur
844 3790 883 3830 a
933 3766 1213 3841 numine,
1267 3766 1531 3850 capillos
1583 3787 1648 3827 se
1694 3763 2013 3849 pollicitus
2064 3776 2157 3826 est
2210 3762 2598 3826 oblaturum.

700 3871 922 3941 Quum
969 3888 1120 3929 vero
1165 3864 1430 3951 spiritus
1473 3862 1844 3926 immundus
1874 3861 2077 3927 sitiret
2107 3874 2172 3926 et
2203 3862 2594 3945 sanguinum:¹

695 3967 932 4053 piscem
954 3964 1410 4030 immolandum
1429 3986 1567 4027 esse
1589 3961 1940 4047 respondit.
2031 3961 2132 4025 Sic
2149 3961 2366 4047 itaque
2398 3986 2598 4046 quum,

695 4068 859 4132 ratio
898 4069 1038 4153 ejus
1082 4063 1526 4130 circumveniri
1571 4087 1697 4128 non
1735 4075 1974 4148 posset,
2003 4075 2075 4127 ut
2117 4062 2478 4127 traheretur
2518 4066 2594 4126 ad

699 4167 973 4252 culpam,
996 4167 1472 4231 immundorum
1506 4164 1846 4251 spirituum
1877 4163 2256 4241 testimonio,
2280 4162 2598 4246 colloquia·

698 4268 981 4329 Deorum
1013 4268 1468 4351 pronunciatus
1498 4280 1596 4330 est
1636 4290 1770 4331 esse
1815 4266 2244 4350 dignissimus.
2338 4262 2474 4327 Nec
2506 4282 2594 4327 est

701 4366 877 4452 quod
908 4367 1029 4430 sub
1058 4372 1550 4433 exorcismorum
1583 4379 1930 4451 praetextu,
1952 4388 2135 4431 suum
2168 4365 2314 4450 quis
2345 4378 2598 4431 tueatur
