3575 5575
469 787 532 847 232
731 801 867 844 romeus
883 800 1162 846 saansaamausrs
1280 783 1364 863 [nra.
1382 802 1425 846 1v.

474 953 660 1018 Petronium
670 950 863 1015 Trimalchio
875 950 984 1030 refert,
996 951 1121 1017 fabrum
1134 951 1247 1030 fuisse,
1261 953 1315 1038 qui
1328 952 1429 1016 vitrea

473 1075 551 1115 vasa
573 1050 690 1114 faceret
713 1052 894 1116 tenacitatis
917 1065 1026 1130 tentae,
1050 1066 1171 1117 utnon
1196 1053 1310 1140 magis,
1334 1076 1428 1142 quem

476 1175 571 1216 aurea
583 1151 632 1215 vel
648 1165 801 1236 argentea
810 1152 1040 1236 frangerentur.
1079 1155 1187 1226 Quum
1200 1175 1277 1238 ergo
1291 1152 1430 1239 phialam

476 1254 662 1342 hujusmodi
685 1255 724 1319 de
747 1256 832 1320 vitro
860 1256 1042 1340 purissimo,
1068 1267 1099 1318 et
1123 1255 1199 1330 solo,
1223 1268 1261 1319 ut
1283 1256 1430 1341 putabat,

473 1356 604 1440 dignam
616 1357 754 1429 Caesare,
765 1354 962 1433 fabricasset,
972 1377 1044 1418 cum
1058 1377 1187 1418 munere
1198 1378 1255 1417 suo
1268 1357 1426 1419 Caesarem

473 1455 591 1536 adiens,
616 1455 772 1538 admissus
791 1468 850 1519 est.
896 1455 1047 1519 Laudata
1069 1468 1116 1519 est
1140 1455 1259 1540 species
1278 1455 1427 1532 muneris,

474 1556 693 1621 commendata
719 1580 833 1621 manus
862 1556 1002 1633 artificis,
1032 1570 1196 1642 acceptata
1224 1569 1272 1620 est
1298 1556 1427 1620 devotio

475 1657 634 1721 donantis.
681 1659 786 1721 Faber
810 1681 885 1721 vero
908 1671 944 1720 ut
967 1657 1208 1722 admirationem
1234 1656 1426 1720 intuentium

476 1772 613 1823 verteret
636 1759 667 1822 in
690 1773 865 1844 stuporem,
883 1772 915 1823 et
939 1758 999 1822 sibi
1021 1759 1146 1845 plenius
1168 1757 1302 1846 gratiam
1326 1759 1431 1822 conci-

475 1860 565 1925 liaret
581 1861 791 1946 imperatoris,
808 1861 938 1946 petitam
954 1861 995 1924 de
1016 1884 1112 1924 manu
1131 1862 1268 1927 Caesaris
1290 1859 1428 1946 phialam

476 1963 605 2048 recepit,
620 1985 754 2048 eamque
771 1963 907 2026 validius
922 1963 1055 2050 projecit
1067 1963 1100 2026 in
1111 1968 1329 2050 pavimentum
1340 1975 1429 2026 tanto

477 2063 612 2148 impetu,
643 2077 679 2127 ut
709 2086 765 2127 nec
796 2064 984 2128 solidissima
1011 2078 1043 2128 et
1080 2065 1330 2130 constantissima
1359 2065 1431 2130 aeris

477 2166 610 2228 materia
631 2178 772 2229 maneret
795 2166 903 2231 illaesa.
952 2169 1060 2232 Caesar
1082 2180 1189 2232 autem
1212 2167 1253 2231 ad
1276 2167 1345 2231 haec
1366 2189 1429 2229 non

478 2265 580 2350 magis
589 2267 726 2352 stupuit,
738 2290 833 2353 quam
846 2268 988 2352 expavit.
1034 2269 1081 2332 At
1091 2268 1145 2332 ille
1155 2268 1195 2332 de
1204 2281 1288 2332 terra
1299 2268 1430 2331 sustulit

476 2368 627 2453 phialam,
642 2393 716 2454 quae
730 2369 859 2456 quidem
883 2392 946 2433 nou
962 2369 1065 2434 fracta
1082 2385 1162 2447 erat,
1187 2370 1242 2436 sed
1257 2369 1375 2446 collisa,
1391 2393 1429 2463 ac

477 2471 503 2532 si
527 2475 598 2534 aeris
624 2472 811 2543 substantia,
836 2472 911 2536 vitri
937 2473 1071 2558 speciem
1097 2473 1260 2538 induisset.
1307 2472 1431 2536 Deinde

475 2572 655 2636 martiolum
669 2572 709 2636 de
718 2573 787 2636 sinu
799 2577 971 2658 profereus,
983 2572 1096 2638 vitium
1108 2575 1246 2638 correxit
1255 2564 1429 2660 aptissime,

476 2687 507 2738 et
524 2688 676 2761 tanquam
693 2675 837 2752 collisum
859 2697 914 2738 vas
930 2697 1052 2740 aeneum
1074 2676 1192 2740 crebris
1210 2676 1327 2740 ictibus
1342 2697 1432 2761 repa-

475 2781 568 2842 ravit.
614 2779 686 2855 Quo
711 2777 794 2842 facto
817 2801 849 2841 se
872 2776 989 2843 coelum
1016 2778 1109 2843 Jovis
1132 2792 1237 2843 tenere
1259 2780 1431 2845 arbitratus

476 2892 536 2955 est,
551 2879 690 2963 eoquod
707 2879 955 2943 familiaritatem
973 2879 1117 2953 Caesaris,
1140 2890 1172 2941 et
1190 2876 1430 2942 admirationem

475 2979 614 3043 omnium
639 3003 671 3042 se
694 2981 903 3065 promeruisse
921 2979 1081 3044 credebat.
1128 2978 1189 3041 Sed
1206 2999 1296 3042 secus
1318 2977 1432 3041 accidit

479 3080 633 3158 Quaesivit
648 3082 732 3143 enim
747 3082 868 3157 Caesar,
884 3103 924 3143 an
940 3080 1022 3143 alius
1033 3080 1127 3143 sciret
1142 3080 1223 3142 hane
1232 3079 1431 3143 condituram

477 3182 659 3248 vitreorum.
684 3182 777 3259 Quod
788 3204 888 3267 quum
898 3194 1117 3266 negaret,eum
1126 3179 1432 3265 decollaripraecepit

478 3286 669 3370 Imperator,
679 3285 786 3348 dicens
797 3309 804 3347 :
822 3286 900 3369 quia
912 3284 938 3346 si
953 3284 1013 3347 hoc
1024 3282 1196 3346 artificium
1208 3284 1430 3357 innotesceret,

477 3407 590 3448 aurum
607 3398 639 3449 et
648 3398 815 3471 argentum
827 3385 1023 3462 vilescerent,
1034 3384 1125 3469 quasi
1135 3382 1250 3445 lutum.
1295 3386 1344 3447 An
1358 3405 1431 3446 vera

478 3490 518 3551 sit
534 3488 645 3553 relatio
660 3502 692 3551 et
706 3488 819 3569 fidelis,
833 3488 990 3552 incertum
1013 3499 1073 3563 est,
1087 3498 1118 3549 et
1135 3483 1174 3547 de
1195 3484 1281 3547 facto
1299 3485 1434 3551 Caesaris

477 3590 592 3654 diversi
609 3590 734 3653 diversa
749 3590 900 3655 sentiunt.
948 3592 1021 3673 Ego
1038 3609 1113 3649 vero
1128 3586 1357 3673 sapientiorum
1372 3610 1433 3651 non

476 3692 688 3780 praejudicans
709 3692 894 3770 intellectui,
916 3690 1119 3755 devotionem
1140 3691 1280 3775 potentis
1303 3689 1432 3754 artificis

477 3800 557 3859 male
588 3808 819 3880 remuneratam
855 3793 1005 3869 arbitror,
1036 3805 1067 3856 et
1103 3790 1260 3857 inutiliter
1294 3791 1432 3853 humano

475 3892 1433 3985 generiprospectum,quumarsegregiadeletasit,utfomes

478 4000 632 4076 avaritiae,
643 4001 794 4084 pabulum
807 3996 1173 4076 mortis,contentionum
1186 3995 1433 4082 praeliorumque

476 4123 571 4165 causa
605 4102 749 4187 pecunia,
783 4100 989 4186 pecuniaeque
1022 4099 1155 4163 materia
1190 4111 1369 4161 servaretur
1397 4095 1430 4160 in

477 4203 595 4289 precio,
609 4202 697 4288 quod
718 4202 784 4264 sine
804 4201 971 4287 diligentia
990 4200 1126 4264 hominis
1146 4200 1250 4264 fuerat
1272 4199 1433 4275 habitura,

480 4329 578 4391 quum
596 4308 662 4370 sine
678 4329 709 4369 se
724 4328 790 4368 esse
805 4328 867 4369 non
884 4303 994 4389 possit,
1010 4326 1084 4388 quae
1099 4324 1204 4365 rerum
1223 4302 1364 4386 precium
1379 4313 1433 4371 est.

478 4410 600 4495 Utique
641 4476 647 4491 ⁴
