3575 5575
498 761 540 819 6ss
749 772 884 817 romnis
898 772 1179 817 snaasauarausrs
1311 758 1395 837 [mu.
1413 779 1450 821 11.

501 1013 581 1097 Cap.
597 1014 627 1077 5.
656 1013 792 1086 Quanto
803 1015 916 1096 suerit
933 1013 1105 1074 calamitas
1125 1011 1332 1087 obsessarum,
1347 1019 1379 1074 et
1397 1014 1449 1075 ob·

519 1118 649 1178 atinate
661 1115 793 1178 malitia
807 1116 1095 1197 quissuemtfinis,
1106 1120 1216 1194 etque
1223 1115 1331 1195 piatos
1347 1116 1429 1177 Titi.

541 1236 593 1299 ΑΤ
602 1256 641 1297 ne
653 1247 713 1310 tot,
725 1246 756 1297 et
769 1246 857 1297 tanta
867 1230 1033 1295 mediocris
1044 1230 1145 1315 plagae
1154 1243 1209 1294 aut
1219 1230 1447 1317 perfunctoria

494 1335 722 1421 indignationis
748 1336 819 1410 Dei,
846 1334 999 1398 adversus
1023 1333 1284 1419 impoenitentiam
1310 1332 1445 1396 Judaeo·
1485 1322 1491 1340 “

494 1458 577 1515 rum,
593 1441 754 1521 signorum
776 1436 971 1522 praecessisse
992 1435 1160 1498 videantur
1175 1435 1304 1513 indicia,
1318 1433 1444 1497 calami-

491 1552 588 1602 tatem
605 1536 844 1617 intolerabilem,
859 1536 1018 1600 excidium
1033 1536 1248 1620 irreparabile,
1265 1537 1443 1619 reprobatoe

490 1651 520 1701 et
550 1651 719 1702 excoecatae
748 1641 853 1723 gentis
882 1636 1070 1711 inauditam,
1097 1649 1129 1699 et
1164 1635 1288 1700 cunctis
1316 1636 1441 1701 saeculis

488 1739 678 1822 incognitam
707 1739 903 1818 servitutem,
930 1737 1108 1801 succinctus
1135 1761 1237 1801 sermo
1263 1750 1438 1822 percurrat.

489 1840 625 1915 Quantis
639 1862 715 1922 ergo
730 1837 820 1901 malis
835 1853 911 1903 tuuc
932 1840 1080 1902 universa
1093 1837 1269 1902 multitudo
1284 1850 1369 1903 tacta
1384 1841 1437 1916 sit,

489 1952 589 2025 utque
604 1939 673 2026 ipsa
684 1941 705 2001 J
711 1939 810 2004 udaeae
827 1951 912 2003 terra
926 1938 1021 2015 bello,
1033 1940 1127 2014 fame,
1143 1940 1221 2024 igni,
1233 1940 1440 2026 caedibusque

487 2052 610 2106 vastata
636 2043 687 2120 sit,
712 2055 832 2126 quanta
856 2040 1048 2128 populorum
1074 2042 1184 2117 millia,
1211 2055 1318 2128 patres
1342 2043 1437 2106 simul

486 2162 558 2209 cum
582 2145 782 2231 conjugibus,
798 2168 833 2207 ac
854 2143 995 2229 parvulis
1014 2145 1133 2224 liberis,
1148 2145 1272 2231 absque
1291 2168 1434 2225 numero,

485 2262 516 2311 et
543 2248 664 2332 absque
686 2247 873 2311 discretione
896 2247 1047 2310 trucidati
1071 2247 1145 2323 sint,
1169 2271 1242 2333 quae
1263 2248 1359 2312 etiam
1385 2249 1434 2312 di·

483 2372 643 2414 versarum
663 2350 789 2413 urbium
810 2349 1000 2425 obsidiones,
1016 2349 1070 2413 sed
1091 2363 1122 2415 et
1142 2350 1243 2435 ipsius
1257 2351 1434 2436 magnificae

482 2466 513 2516 et
528 2451 746 2515 famosissimae
766 2452 905 2515 civitatis
926 2451 1127 2515 Hierusalem
1149 2465 1268 2538 quanta
1288 2454 1430 2529 vastitas,

481 2568 513 2619 et
535 2566 655 2639 quanta
680 2554 777 2619 fuerit
804 2554 1000 2619 diversarum
1028 2554 1176 2617 mortium
1204 2568 1334 2639 strages,
1358 2557 1431 2641 quis

479 2676 535 2742 per
558 2656 625 2719 brec
644 2655 770 2740 singula
792 2655 949 2719 bellorum
970 2654 1113 2719 extiterit
1135 2656 1259 2736 modus,
1274 2669 1306 2720 et
1327 2667 1363 2721 ut
1382 2680 1429 2721 se·

477 2759 615 2825 cundum
647 2758 692 2836 id,
723 2758 809 2846 quod
845 2762 1012 2845 prophetae
1049 2758 1206 2837 dixerant,
1237 2760 1430 2827 abominatio

474 2861 676 2926 desolationis
691 2862 722 2924 in
737 2863 807 2948 ipso
823 2863 984 2946 quondam
1002 2861 1063 2925 Dei
1083 2863 1293 2927 famosissimo
1307 2865 1422 2930 collata

475 2964 515 3027 sit
531 2963 661 3049 templo,
676 2977 776 3048 utque
791 2963 830 3026 ad
853 2963 1001 3027 ultimum
1022 2977 1137 3028 cuncta
1151 2965 1235 3048 ignis
1249 2966 1423 3051 populatus
1477 2984 1485 2996 '

476 3064 528 3141 sit,
555 3077 587 3128 et
611 3063 739 3127 flamma
762 3065 1006 3151 consumpserit,
1034 3069 1059 3130 si
1085 3066 1158 3152 quis
1184 3066 1308 3151 plenius
1334 3091 1427 3134 nosse

474 3166 557 3246 vult,
571 3166 731 3230 historiam
748 3166 881 3254 Josephi
899 3167 1027 3253 relegat.
1073 3172 1141 3232 Nos
1161 3191 1237 3232 vero
1258 3193 1298 3233 ex
1318 3170 1368 3234 his
1387 3195 1425 3235 ea

474 3282 611 3342 tantum,
632 3291 705 3353 quae
727 3269 768 3332 ad
791 3268 1046 3356 explanationem
1069 3270 1208 3355 suscepti
1230 3272 1335 3357 operis
1357 3273 1423 3335 suf·

472 3371 595 3446 ficiunt,
610 3393 825 3436 assumemus:
850 3370 880 3433 in
904 3371 1023 3458 quibus
1044 3372 1151 3450 refert,
1166 3373 1254 3456 quod
1275 3396 1314 3436 ex
1334 3374 1419 3436 omni

471 3475 495 3536 J
497 3472 589 3537 udaea
604 3470 727 3558 populi,
741 3473 773 3535 in
789 3473 840 3536 die
856 3473 986 3538 solemni
1004 3473 1135 3538 Pascbae
1152 3473 1419 3561 Hierosolymam,

470 3575 559 3640 velut
589 3573 709 3638 exitiali
738 3574 876 3659 quadam
907 3600 1002 3640 manu
1029 3590 1173 3661 cogente,
1197 3591 1418 3642 convenerant.

469 3679 556 3756 Quos
582 3678 687 3742 tricies
717 3690 848 3740 centena
877 3679 976 3743 millia
1006 3679 1083 3743 dicit
1113 3680 1278 3744 bominum
1307 3680 1416 3757 fuisse,

461 3776 552 3860 justo
567 3775 685 3840 scilicet
703 3774 765 3840 Dei
775 3776 912 3860 judici0,
926 3790 1068 3862 tempore
1084 3778 1144 3841 boc
1161 3778 1290 3843 ultionis
1304 3780 1416 3859 electo,

466 3888 503 3938 ut
528 3877 618 3960 vquod
648 3880 681 3941 in
711 3877 825 3941 diebus
860 3878 990 3943 Paschae
1024 3879 1213 3943 salvatorem
1248 3881 1413 3945 Christum

465 3979 605 4052 Domini,
622 3979 762 4040 cruentis
785 3978 941 4059 manibus,
957 3992 988 4042 et
1012 3980 1173 4064 sacrilegis
1197 3980 1327 4043 vocibus
1348 3982 1414 4042 vio-

463 4077 582 4153 larunt,
598 4079 629 4140 in
644 4079 721 4163 ipsis
737 4078 849 4141 diebus
865 4078 1000 4142 velutin
1018 4102 1115 4142 unum
1133 4102 1299 4155 carcerem,
1311 4080 1414 4145 omnis

462 4178 639 4243 multitudo
658 4178 815 4254 conclusa,
831 4180 938 4244 feralis
954 4203 1057 4265 poenae
1077 4181 1223 4257 exitium,
1241 4182 1328 4265 quod
1348 4204 1414 4244 me-

460 4284 601 4361 rebatur,
624 4283 793 4368 exciperet.
840 4283 1016 4347 Praeteribo
1039 4305 1112 4346 sane
1134 4306 1209 4368 quae
1231 4284 1338 4347 ineos
1360 4284 1410 4348 vel

456 4384 554 4469 gladii
584 4383 682 4466 caede,
715 4382 763 4447 vel
794 4383 864 4447 aliis
892 4383 966 4448 belli
999 4384 1152 4448 machinis
1178 4385 1292 4452 collata
1322 4399 1408 4462 sunt,
