3575 5575
465 734 524 794 184
717 745 854 791 scaurus
868 743 1145 790 sanusasmnusrs
1279 723 1363 802 [ars.
1380 742 1419 788 11,

464 895 664 972 somniantes,
681 896 762 959 inter
777 895 917 980 aliquam
932 907 964 961 et
987 893 1106 959 nullam
1121 892 1331 957 substantiam
1348 914 1425 956 con-

464 1000 579 1065 stituti.
626 997 752 1065 Animae
772 999 910 1083 quoesita
931 996 1065 1082 origine,
1081 995 1244 1060 traducem
1266 994 1359 1059 nobis
1375 993 1424 1057 in·

388 1097 391 1104 ⁴
464 1099 612 1163 tellectus
640 1099 785 1184 opponit.
831 1101 997 1163 Postremo
1032 1097 1064 1160 in
1101 1095 1211 1162 divina
1246 1095 1425 1160 substantia

463 1201 640 1268 trinitatem
663 1202 801 1289 recipere
816 1221 1036 1288 personarum,
1053 1199 1111 1263 nisi
1132 1201 1166 1263 in
1187 1198 1263 1262 fidei
1288 1198 1419 1278 virtute,

466 1301 628 1388 quomodo
643 1301 732 1366 Arrii
753 1303 884 1388 laqueos
898 1299 1096 1366 declinabis?
1123 1299 1311 1366 Divinitatis
1326 1321 1423 1364 unam

466 1402 640 1489 simplicem
664 1417 698 1468 et
718 1403 918 1467 individuam
941 1401 1075 1469 admitte
1098 1402 1322 1478 substantiam,
1344 1425 1425 1487 quo·

466 1503 563 1566 modo
580 1502 720 1583 Sabellii,
730 1503 790 1568 nisi
805 1501 880 1566 fidei
893 1503 1025 1578 ratione,
1037 1525 1151 1566 manos
1161 1502 1318 1587 effugies?
1342 1505 1425 1566 Haec

466 1617 571 1671 tamen
587 1626 649 1668 non
663 1604 766 1669 minus
780 1627 855 1676 vera
871 1615 956 1674 sunt,
969 1603 1047 1689 quia
1061 1603 1172 1668 multis
1185 1616 1319 1689 possunt
1335 1626 1423 1689 qure-

467 1706 624 1771 stionibus
637 1705 830 1792 impugnari.
873 1709 919 1769 Et
935 1705 1009 1770 licet
1024 1705 1181 1791 sapientia
1195 1707 1259 1769 Dei
1274 1727 1307 1769 se
1321 1705 1423 1770 incar-

467 1809 605 1874 nationis
627 1811 778 1894 mysterio
799 1808 892 1872 nobis
912 1807 1067 1872 risibilem
1091 1808 1212 1885 fecerit,
1232 1831 1295 1873 non
1319 1820 1423 1873 tamen

468 1933 609 1995 eousque
624 1933 656 1972 se
666 1909 840 1976 intellectui
850 1920 960 1973 nostro
971 1909 1046 1974 fecit
1061 1909 1266 1997 palpabilem,
1275 1923 1313 1974 ut
1325 1933 1424 1996 quum

468 2033 506 2076 ea
525 2010 685 2097 possimus
707 2029 938 2095 usquequaque
959 2007 1147 2086 discurrere,
1164 2009 1298 2074 scientes
1320 2032 1426 2074 rerum

470 2112 610 2178 omnium
633 2120 754 2199 quanta
769 2111 810 2176 sit
829 2099 1015 2194 longitudo,
1027 2110 1178 2190 latitudo,
1193 2111 1373 2176 sublimitas
1394 2125 1426 2178 et

469 2213 678 2299 profundum.
703 2213 831 2310 §luero
841 2213 1138 2306 mathematicorum
1152 2212 1203 2277 via
1218 2233 1299 2278 esset
1311 2236 1428 2300 usque-

462 2299 1436 2412 usaue¹³udaermemmarusimmetoiffi

470 2406 1427 2507 Areustum..rssrerumsensrrmmbminstitisse?”td

468 2499 678 2592 ffictor
707 2517 923 2582 sanctissimus
948 2516 1003 2580 ille
1029 2517 1205 2602 Gregorius
1233 2518 1289 2603 qui
1314 2517 1429 2582 melleo

473 2619 708 2707 praedicationis
723 2621 824 2684 imbre
845 2631 946 2684 totam
962 2619 1079 2703 rigavit
1099 2633 1131 2684 et
1146 2619 1314 2684 inebriavit
1330 2619 1429 2684 eccle·

473 2726 562 2799 siam,
578 2745 639 2786 non
656 2721 753 2792 modo
768 2721 921 2786 mathesin
937 2721 1035 2809 jussit
1050 2721 1092 2784 ab
1106 2720 1181 2787 aula
1201 2720 1357 2798 recedere,
1373 2721 1429 2786 sed

473 2838 509 2889 ut
529 2824 668 2889 traditur
686 2847 705 2887 a
720 2823 906 2909 majoribus,
928 2822 1076 2891 incendio
1096 2822 1185 2887 dedit
1205 2823 1349 2910 probatae
1369 2824 1430 2887 leo·

472 2939 568 2989 tronis

578 3056 688 3128 Scripta,
701 3055 837 3117 Palatinus
848 3074 1009 3127 quaecunque
1019 3060 1127 3112 tenebat
1138 3056 1243 3131 Apollo.

477 3220 516 3287 ln
538 3218 657 3302 quibus
677 3231 766 3283 erant
790 3218 962 3305 praecipua,
985 3243 1059 3310 quae
1081 3221 1256 3285 coelestium
1280 3234 1431 3287 mentem,

475 3331 507 3383 et
521 3319 721 3403 superiorum
736 3321 863 3393 oracula
879 3316 1072 3386 videbantur
1084 3321 1266 3385 hominibus
1280 3323 1430 3388 revelare.

477 3420 562 3497 Quid
583 3421 707 3489 multal
737 3423 851 3486 Nonne
873 3423 951 3488 satis
972 3437 1019 3488 est
1042 3424 1131 3509 quod
1154 3424 1235 3487 hanc
1258 3425 1430 3490 vanitatem

475 3519 630 3589 catholica
644 3534 676 3586 et
693 3521 879 3586 universalis
889 3522 1033 3588 Ecclesia
1047 3524 1237 3601 detestatur,
1246 3538 1278 3589 et
1293 3548 1359 3603 eos,
1374 3528 1432 3611 qui

473 3645 542 3686 eam
557 3622 695 3688 ulterius
710 3646 855 3696 exercere
877 3625 1149 3712 praesumpserint,
1164 3624 1315 3710 legitimis
1329 3624 1432 3711 poenis

475 3725 634 3790 mulctat?
665 3726 727 3790 Sed
754 3748 793 3790 ne
817 3726 1066 3812 planetariorum
1092 3750 1156 3792 non
1181 3740 1244 3792 tam
1272 3728 1431 3814 persequi,

476 3850 572 3913 quam
585 3828 675 3915 sequi
688 3826 854 3893 videamur
865 3850 1015 3911 errorem,
1025 3831 1093 3916 jam
1109 3828 1149 3892 ad
1162 3830 1286 3914 reliqua
1301 3850 1432 3913 progre-

476 3927 585 3991 diatur
605 3930 717 3995 oratio.
763 3934 827 4005 Qui
843 3932 927 3995 enim
948 3932 1024 3997 huic
1046 3932 1224 3997 curiositati
1245 3930 1434 4011 inserviunt,

477 4050 540 4091 non
567 4032 668 4112 magis
692 4052 819 4094 veraces
848 4053 916 4095 esse
943 4046 1090 4117 possunt,
1114 4052 1211 4115 quam
1239 4029 1375 4093 humiles
1399 4042 1433 4095 et

477 4126 586 4206 sobrii,
611 4128 667 4211 qui
695 4132 812 4214 primos
837 4130 1002 4196 recubitus
1025 4131 1057 4194 in
1084 4129 1182 4195 coenis
1207 4142 1378 4216 appetunt,
1399 4144 1432 4197 et

477 4229 650 4316 epulantur
679 4227 824 4314 quotidie
852 4232 1029 4317 splendide.
1083 4234 1249 4296 Postremo
1278 4232 1433 4319 plurimos

478 4349 588 4409 eorum
618 4326 738 4404 audivi,
769 4328 844 4405 novi
874 4331 1007 4416 multos,
1029 4330 1089 4413 ‚sed
1124 4329 1279 4394 neminem
1310 4331 1342 4395 in
1371 4332 1433 4397 hoc
