3575 5575
335 761 406 806 cre.
422 745 518 824 xvia]
675 760 929 806 coerceremus.
1248 745 1288 805 st

335 935 432 999 quam
448 912 477 976 ei
493 912 653 978 Dominus
667 910 861 998 inspirabat:
883 910 941 976 sed
953 910 1048 988 absit,
1063 922 1101 976 ut
1117 911 1289 982 vanitatem

333 1017 415 1080 hanc
429 1015 462 1078 in
484 1029 584 1084 artem
602 1011 760 1099 redegerit
782 1013 832 1077 vir
852 1027 992 1091 sauctus,
1008 1014 1065 1100 qui
1087 1015 1157 1100 lege
1180 1014 1289 1101 Moysi

334 1116 532 1203 prohibitum
560 1140 626 1182 esse
656 1129 799 1188 noverat,
827 1138 866 1182 ne
896 1116 1039 1186 fidelium
1066 1116 1140 1202 quis
1169 1118 1291 1183 somnia

335 1232 541 1306 sequeretur:
589 1218 688 1282 sciens
716 1218 828 1304 utique
859 1218 1026 1286 satellitem
1059 1218 1218 1293 Satbanae‚
1247 1218 1290 1286 ad
1382 1303 1385 1310 Ι

335 1321 569 1386 subversionem
594 1321 769 1394 hominum,
791 1325 824 1385 iu
847 1321 996 1406 angelum
1018 1321 1099 1386 lucis
1120 1322 1292 1403 transfigu-

332 1422 407 1502 rari,
422 1436 454 1487 et
475 1421 683 1486 immissiones
703 1421 771 1486 lieri
789 1444 847 1509 per
870 1421 1000 1506 angelos
1019 1421 1127 1488 malos.
1166 1422 1289 1508 loseph

333 1546 463 1609 quoque
479 1522 677 1608 conjectandi
692 1527 798 1607 gratia
815 1521 955 1608 AEgypti
977 1522 1193 1607 principatum
1208 1523 1291 1588 obti-

335 1625 416 1702 nuit,
443 1637 475 1688 et
502 1645 597 1711 quem
623 1624 737 1688 fratres
766 1624 858 1710 quasi
884 1623 925 1686 de
950 1623 1071 1688 invidia
1097 1624 1290 1688 somniorum

334 1725 499 1790 venditum
533 1723 715 1805 Ismaelitis,
744 1725 920 1790 obnoxium
960 1726 1100 1790 fecerant
1129 1726 1289 1802 servituti,

335 1826 456 1911 digitus
482 1825 613 1890 Domini
639 1849 700 1889 non
728 1825 832 1892 minus
857 1826 1016 1911 jucundo,
1041 1848 1138 1911 quam
1169 1826 1289 1890 salubri

336 1928 498 2014 mysterio,
509 1927 648 1994 revelata
662 1927 743 1994 facie
758 1928 1042 2012 futurorumque)
1057 1950 1090 1990 se
1105 1927 1172 2012 regi
1185 1925 1292 2011 quies-

335 2028 418 2094 centi
434 2029 638 2112 ingesserant,
654 2029 746 2113 quasi
761 2027 903 2114 quodam
925 2029 1116 2092 somniorum
1133 2025 1290 2107 vehiculo,

333 2133 373 2196 de
388 2131 534 2219 squalore
548 2132 693 2207 carceris,
709 2130 743 2195 in
757 2131 847 2216 regni
862 2130 1026 2215 fastigium
1042 2129 1237 2210 sublimavit,
1253 2140 1290 2193 ut

334 2256 395 2298 uon
417 2233 513 2298 modo
535 2233 616 2304 liber
635 2233 676 2298 de
696 2255 800 2310 servo,
821 2231 875 2296 scd
898 2231 1053 2296 nobilium
1072 2244 1104 2298 et
1123 2254 1289 2318 procerum

332 2337 467 2422 primus,
483 2359 548 2401 uno
570 2349 692 2402 tantum
710 2336 799 2420 regni
822 2335 942 2400 scilicet
957 2334 1036 2398 solio
1056 2333 1291 2420 praecederetur

334 2463 353 2502 a
367 2463 451 2524 rege.
483 2438 576 2516 Quod
595 2437 707 2524 utique
719 2438 745 2502 si
760 2437 801 2502 de
816 2439 965 2503 humanae
977 2436 1141 2522 sapientiae
1156 2435 1291 2501 artificio

334 2542 518 2626 contingere
549 2543 714 2626 potuisset,
747 2540 885 2627 aliquem
924 2539 1122 2604 decessorum
1159 2562 1289 2604 suorum

334 2658 407 2708 ante
423 2667 497 2709 eum
521 2643 673 2706 meruisse
696 2642 894 2718 crediderim,
910 2641 960 2706 vel
981 2639 1144 2704 scientiam
1166 2662 1290 2726 prome·

332 2746 422 2810 rendi
446 2746 548 2809 virum
572 2755 728 2819 sanctum,
751 2754 784 2807 ct
806 2742 936 2830 pietatis
958 2741 1076 2807 affectu
1097 2740 1240 2826 plenum,
1261 2741 1288 2807 si

332 2870 395 2911 non
418 2846 558 2909 humano
573 2845 681 2929 generi
703 2845 735 2908 in
752 2865 931 2920 commune,
945 2842 1034 2929 quod
1058 2855 1164 2909 tamen
1186 2847 1287 2929 aequi-

333 2946 407 3012 tatis
433 2960 523 3025 esset,
549 2944 703 3009 fratribus
729 2956 761 3009 et
787 2942 861 3008 filiis
890 2943 982 3008 facile
1011 2942 1192 3029 putaverim
1217 2945 1290 3009 reli-

331 3048 450 3133 quisse.
496 3046 551 3109 Ad
573 3046 641 3109 haec
657 3046 789 3130 Moyses
810 3044 955 3109 eruditus
975 3045 1007 3109 in
1029 3046 1116 3114 omni
1134 3046 1289 3134 sapientia

331 3147 559 3234 AEgyptiorum
586 3146 666 3211 hauc
692 3157 792 3210 artem
819 3158 876 3210 aut
905 3144 1039 3210 nescivit
1068 3158 1126 3213 aut
1157 3150 1288 3233 sprevit,

333 3272 432 3336 quum
456 3272 538 3326 eam,
560 3249 737 3333 impietatis
759 3269 897 3311 errorem
918 3246 1105 3323 detestatus,
1126 3272 1147 3311 a
1168 3248 1290 3336 populo

331 3352 392 3417 Dei
407 3351 618 3429 exterminare
631 3352 802 3415 curaverit.
847 3352 1008 3415 Praeterea
1028 3362 1156 3415 sanctus
1171 3352 1288 3415 Daniel

332 3453 514 3538 disciplinas
532 3466 563 3519 et
579 3452 766 3538 sapientiam
786 3451 899 3516 didicit
922 3450 1168 3526 Chaldaeorum
1199 3452 1288 3538 quod

331 3554 447 3638 utique
475 3567 602 3617 sanctus
628 3556 677 3617 vir
702 3577 767 3619 non
791 3554 928 3633 fecisset,
954 3551 980 3617 si
1006 3553 1172 3638 gentilium
1196 3554 1288 3618 disci-

330 3653 426 3739 plinis
440 3652 565 3726 instrui,
582 3652 768 3719 credidisset
783 3654 922 3741 peccatis
936 3653 1191 3720 adscribendum.
1217 3656 1287 3719 Ha·

329 3756 467 3842 buitque
487 3753 675 3820 eruditionis
697 3756 877 3839 participes,
900 3778 981 3839 qnos
1003 3753 1082 3837 legis
1101 3766 1134 3818 et
1152 3755 1288 3839 justitia

331 3859 393 3924 Dei
420 3882 453 3923 se
482 3856 643 3943 gaudebat
674 3856 790 3921 habere
815 3869 984 3921 consortes.
1041 3856 1146 3920 Simul
1171 3858 1287 3927 etenim
1377 3892 1383 3901 ·

329 3962 495 4028 discebant
518 3960 669 4035 Ananias,
687 3959 828 4037 Anariaa,
843 3958 970 4036 Misael,
987 3958 1143 4045 quicquid
1163 3970 1288 4047 poterat

328 4064 440 4129 docere
471 4063 663 4131 Cbaldaeus:
705 4062 797 4127 simul
828 4085 847 4127 a
877 4084 985 4129 mensa
1013 4073 1046 4125 et
1079 4084 1098 4125 a
1127 4063 1287 4150 regalibus

330 4167 433 4252 epulis
451 4167 662 4243 abstinebant,
679 4165 767 4253 quod
789 4165 965 4254 inspirabat
988 4166 1090 4233 Deus·
1134 4167 1286 4254 Acceptis

332 4267 544 4351 leguminibus
579 4268 698 4355 pariter
731 4268 967 4345 reficiebantur,
996 4267 1114 4332 eisdem
1145 4271 1285 4337 contenti

332 4382 422 4435 erant
445 4370 566 4435 militiae
582 4394 647 4436 suae
671 4370 846 4457 stipendiis,
861 4370 929 4455 regi
954 4392 1016 4433 una
1039 4368 1286 4437 famulabantur.
