3575 5575
328 808 398 853 csr.
413 791 515 870 xxm]
662 807 916 854 ronrcnarrcua.
1219 795 1280 856 119

328 967 365 1022 ut
374 957 423 1022 sit.
453 957 578 1022 Deinde
590 969 626 1021 tn
637 957 706 1044 ipse
716 970 808 1043 potes
819 957 994 1044 providisse
1005 956 1280 1042 bonum'aliquod,

327 1058 414 1143 quod
435 1057 520 1122 sorte
544 1057 692 1124 futurum
714 1070 761 1122 est
790 1058 921 1135 bonum,
939 1071 971 1123 et
995 1060 1100 1146 potest
1121 1080 1184 1122 uon
1210 1058 1280 1121 lore

327 1159 466 1230 bonum;
500 1171 533 1223 et
555 1157 639 1226 idem
662 1173 753 1244 potes
774 1181 836 1226 non
863 1158 1040 1245 providisse
1061 1159 1193 1233 bonum,
1217 1179 1280 1223 non

325 1259 402 1345 quia
417 1258 519 1346 possis
533 1282 595 1324 non
617 1261 805 1346 providisse,
820 1261 909 1346 quod
929 1260 1109 1346 providisti,
1125 1259 1181 1323 sed
1205 1263 1281 1344 quia

326 1370 431 1444 potest
446 1381 509 1422 non
524 1359 644 1424 bonum
665 1382 742 1434 esse,
758 1359 846 1444 quod
862 1358 1044 1445 providisti.
1090 1361 1174 1426 Item
1189 1373 1282 1446 potes

328 1459 408 1545 quid
430 1459 609 1542 promisisse
631 1460 681 1522 vel
702 1459 875 1545 stipulatus
896 1483 963 1524 esse
983 1460 1116 1539 utiliter,
1131 1460 1282 1546 idemque

327 1574 420 1644 potes
433 1582 496 1623 non
511 1559 703 1644 promisisse,
717 1574 774 1625 aut
789 1583 851 1623 non
868 1561 1042 1646 stipulatus
1056 1585 1123 1626 esse
1137 1563 1280 1638 utiliter;

329 1662 417 1747 quod
428 1675 531 1726 tamen
541 1663 714 1748 promisisti
724 1662 773 1726 vel
784 1662 958 1747 stipulatus
967 1685 1010 1738 es,
1020 1685 1083 1726 non
1092 1663 1284 1750 promisisse,

329 1777 386 1827 aut
406 1786 468 1826 non
489 1764 662 1849 stipulatus
682 1786 748 1829 esse
772 1787 834 1827 non
858 1775 959 1848 potes.
1005 1766 1174 1844 Praeterea,
1190 1777 1226 1830 tu
1249 1765 1282 1828 in

329 1862 466 1928 fundum
491 1863 765 1948 Sempronianum,
780 1862 871 1927 illum
895 1863 953 1948 qui
973 1875 1006 1927 te
1030 1867 1187 1950 sequitur,
1201 1887 1284 1949 prae·

331 1963 473 2044 cessisti;
501 1975 534 2028 et
546 1965 572 2028 si
588 1963 685 2027 alium
696 1963 897 2049 praecessisti,
913 1973 945 2028 te
956 1964 1038 2028 alius
1053 1977 1110 2029 aut
1125 1976 1285 2050 sequutus

330 2075 390 2145 est,
405 2076 461 2128 aut
483 2065 638 2149 sequitur,
655 2077 711 2129 aut
735 2075 900 2149 sequetur.
945 2068 1054 2139 Quum
1077 2050 1154 2150 ergo
1176 2089 1284 2130 conse·

331 2164 459 2249 quentis
480 2164 626 2230 evacuari
642 2165 741 2251 possit
756 2177 904 2244 eventus,
918 2165 1133 2231 antecedentis
1153 2189 1284 2252 quoque

332 2267 448 2332 veritas
463 2281 568 2352 potest
582 2268 745 2346 infirmari,
762 2279 798 2332 ut
813 2279 845 2330 et
862 2281 897 2332 tu
919 2266 975 2353 qui
990 2289 1205 2352 praecesseras,
1220 2291 1284 2332 non

324 2371 524 2453 praecessisse
539 2369 648 2454 possis.
679 2371 752 2446 Quo
768 2382 872 2434 tamen
884 2368 1045 2452 ingressus
1060 2391 1104 2446 es,
1116 2391 1180 2433 non
1194 2382 1286 2456 potes

331 2493 393 2534 non
410 2471 507 2537 fuisse
522 2471 691 2554 ingressus,
703 2493 807 2556 neque
822 2471 911 2556 quod
922 2471 1043 2534 lactum
1055 2482 1103 2535 est
1114 2494 1286 2536 connume-

331 2573 394 2638 rari
416 2586 522 2660 potest
543 2573 680 2648 infectis,
696 2595 800 2658 neque
822 2571 908 2658 quod
932 2572 1100 2658 praeteriit,
1114 2596 1155 2637 ne
1176 2573 1285 2647 luerit,

331 2677 451 2759 poterit
477 2676 626 2738 revocari.
673 2674 713 2736 In
737 2673 786 2736 his
809 2676 893 2737 enim
916 2674 1065 2738 omnibus
1086 2696 1159 2758 quae
1182 2685 1288 2738 mente

332 2787 495 2860 concepta,
511 2775 561 2839 vel
572 2774 678 2841 verbis
693 2796 853 2859 expressa,
866 2772 918 2837 vel
927 2784 1002 2837 actu
1017 2773 1174 2860 completa
1189 2787 1288 2841 trans·

331 2876 449 2955 ierunt,
465 2898 526 2940 non
546 2887 692 2961 possunt,
706 2897 763 2939 nec
783 2883 936 2960 poterunt
957 2873 1072 2939 exinde
1094 2897 1156 2940 non
1178 2876 1288 2957 fuisse,

331 2974 391 3039 etsi
407 2974 514 3059 qualia
528 2974 639 3038 futura
656 2991 756 3049 erant,
769 2974 845 3039 dum
861 2972 971 3037 eadem
987 2973 1036 3039 sui
1051 2987 1168 3040 natura
1181 2988 1287 3043 certus

332 3099 396 3141 non
418 3077 488 3143 fixit
513 3087 655 3152 eventus,
672 3076 798 3139 valeant
821 3096 885 3139 non
910 3076 1019 3142 fuisse.
1058 3077 1190 3142 Talium
1212 3101 1288 3145 vero

332 3175 525 3243 clauduntur
546 3176 669 3241 ambitu
691 3180 810 3255 omnia,
825 3199 899 3263 quae
920 3178 1143 3264 cujuscunque
1164 3180 1289 3265 generis

332 3278 525 3344 imminentis
545 3277 756 3364 appellatione
778 3277 984 3358 clauduntur,
1006 3278 1080 3343 licet
1101 3281 1289 3349 familiarius

332 3380 373 3445 ad
389 3380 613 3466 quantitatem,
629 3392 685 3445 aut
701 3379 743 3444 ad
757 3379 892 3465 aliquid,
902 3392 958 3445 aut
974 3381 1017 3445 ad
1032 3383 1199 3468 quodlibet
1213 3384 1291 3451 alio-

334 3505 406 3547 rum
421 3482 610 3548 naturaliter
625 3482 834 3569 applicentur.
866 3481 952 3559 Quid
964 3504 1045 3568 ergo
1056 3485 1183 3563 mirum,
1195 3486 1222 3551 si
1236 3486 1291 3553 ille

335 3584 392 3670 qui
414 3585 520 3647 omnia
542 3597 660 3669 potest,
683 3596 715 3648 et
737 3607 811 3669 quae
833 3583 997 3668 praevidit,
1020 3607 1082 3649 non
1105 3586 1290 3670 praevidisse

331 3696 457 3769 potest3
479 3705 580 3769 quum
596 3696 718 3749 constet
731 3683 804 3747 fidei
816 3682 906 3768 quod
921 3705 960 3746 ea
972 3707 1046 3769 qnae
1062 3689 1201 3769 praevisa
1212 3698 1287 3749 sunt

331 3808 395 3849 non
410 3786 537 3849 evenire
557 3795 704 3869 possunt,
723 3795 757 3847 et
778 3805 852 3867 quae
872 3805 936 3847 non
959 3785 1094 3869 praerisa
1116 3797 1203 3864 sunt,
1216 3809 1290 3871 pos·

333 3901 407 3953 sunt
422 3887 560 3966 evenire,
571 3908 628 3949 nec
644 3898 747 3949 tamen
763 3884 844 3948 citra
858 3897 1064 3968 conspectum
1079 3885 1289 3971 providentiae

334 3990 461 4055 valeant
492 3989 626 4053 evenire.
684 3989 744 4051 Ait
774 3985 857 4049 enim
887 3987 1020 4051 Esaias:
1061 3987 1094 4050 Si
1126 3987 1290 4054 volueritis

334 4092 498 4156 ambulare
520 4092 553 4154 in
576 4088 745 4176 praeceptis
770 4090 859 4165 meis,
879 4101 912 4151 et
935 4086 1100 4153 audieritis
1126 4113 1186 4170 me,
1206 4091 1291 4155 bona

335 4204 429 4256 terrae
451 4193 633 4258 comedetis.
677 4190 773 4266 Quod
794 4189 821 4255 si
844 4188 1022 4266 nolueritis,
1041 4203 1073 4254 et
1093 4214 1143 4254 me
1165 4191 1206 4255 ad
1228 4192 1289 4257 ira-

336 4292 485 4357 cundiam
513 4292 759 4367 concitaveritis,
777 4290 907 4375 gladius
932 4291 1102 4355 devorabit
1124 4315 1191 4369 vos,
1213 4292 1291 4377 quia

340 4413 376 4455 os
391 4392 519 4455 Domini
537 4392 676 4456 locutum
700 4402 757 4456 est.
804 4394 889 4455 Ecce
905 4392 980 4475 quia
1001 4391 1137 4454 liberum
1160 4392 1212 4455 hic
1227 4414 1290 4455 ser-
