<?xml version="1.0" encoding="UTF-8"?>
<!DOCTYPE html PUBLIC "-//W3C//DTD XHTML 1.0 Transitional//EN"
    "http://www.w3.org/TR/xhtml1/DTD/xhtml1-transitional.dtd">
<html xmlns="http://www.w3.org/1999/xhtml" xml:lang="en" lang="en">
 <head>
  <title>
</title>
<meta http-equiv="Content-Type" content="text/html;charset=utf-8" />
  <meta name='ocr-system' content='tesseract 3.04.00' />
  <meta name='ocr-capabilities' content='ocr_page ocr_carea ocr_par ocr_line ocrx_word'/>
</head>
<body>
  <div class='ocr_page' id='page_1' title='image "./joannissaresber12johngoog_0192.png"; bbox 0 0 3575 5575; ppageno 0'>
   <div class='ocr_carea' id='block_1_1' title="bbox 470 783 1425 864">
    <p class='ocr_par' dir='ltr' id='par_1_1' title="bbox 470 783 1425 864">
     <span class='ocr_line' id='line_1_1' title="bbox 470 783 1425 864; baseline -0.009 -8"><span class='ocrx_word' id='word_1_1' title='bbox 470 798 530 856; x_wconf 77' lang='lat' dir='ltr'><strong>lea</strong></span> <span class='ocrx_word' id='word_1_2' title='bbox 730 804 867 850; x_wconf 79' lang='lat' dir='ltr'><strong>roanms</strong></span> <span class='ocrx_word' id='word_1_3' title='bbox 882 799 1172 850; x_wconf 80' lang='lat' dir='ltr'><strong>sannsenarsnsrs</strong></span> <span class='ocrx_word' id='word_1_4' title='bbox 1271 783 1355 864; x_wconf 80' lang='lat' dir='ltr'><strong>[tra.</strong></span> <span class='ocrx_word' id='word_1_5' title='bbox 1371 803 1425 848; x_wconf 89' lang='lat'>111.</span> 
     </span>
    </p>
   </div>
   <div class='ocr_carea' id='block_1_2' title="bbox 465 952 1421 1340">
    <p class='ocr_par' dir='ltr' id='par_1_2' title="bbox 465 952 1421 1242">
     <span class='ocr_line' id='line_1_2' title="bbox 465 952 1421 1046; baseline -0.007 -19"><span class='ocrx_word' id='word_1_6' title='bbox 465 963 510 1026; x_wconf 88' lang='lat' dir='ltr'><strong>Ei</strong></span> <span class='ocrx_word' id='word_1_7' title='bbox 521 960 681 1046; x_wconf 85' lang='lat' dir='ltr'><strong>siquidem</strong></span> <span class='ocrx_word' id='word_1_8' title='bbox 691 955 762 1021; x_wconf 87' lang='lat' dir='ltr'><strong>baec</strong></span> <span class='ocrx_word' id='word_1_9' title='bbox 773 955 881 1042; x_wconf 89' lang='lat' dir='ltr'><strong>potius</strong></span> <span class='ocrx_word' id='word_1_10' title='bbox 891 952 1103 1019; x_wconf 85' lang='lat' dir='ltr'><strong>adscribenda</strong></span> <span class='ocrx_word' id='word_1_11' title='bbox 1114 965 1188 1018; x_wconf 89' lang='lat' dir='ltr'><strong>sunt</strong></span> <span class='ocrx_word' id='word_1_12' title='bbox 1197 955 1317 1029; x_wconf 89' lang='lat' dir='ltr'><strong>omnia,</strong></span> <span class='ocrx_word' id='word_1_13' title='bbox 1326 977 1421 1039; x_wconf 89' lang='lat' dir='ltr'><strong>quam</strong></span> 
     </span>
     <span class='ocr_line' id='line_1_3' title="bbox 466 1056 1421 1142; baseline -0.003 -20"><span class='ocrx_word' id='word_1_14' title='bbox 466 1062 693 1142; x_wconf 62' lang='lat' dir='ltr'><strong>fortunaeque</strong></span> <span class='ocrx_word' id='word_1_15' title='bbox 702 1068 758 1120; x_wconf 89' lang='lat' dir='ltr'><strong>aut</strong></span> <span class='ocrx_word' id='word_1_16' title='bbox 767 1059 808 1120; x_wconf 85' lang='lat' dir='ltr'><strong>ab</strong></span> <span class='ocrx_word' id='word_1_17' title='bbox 818 1057 902 1138; x_wconf 86' lang='lat' dir='ltr'><strong>ipso,</strong></span> <span class='ocrx_word' id='word_1_18' title='bbox 913 1065 979 1133; x_wconf 91' lang='lat' dir='ltr'><strong>aut,</strong></span> <span class='ocrx_word' id='word_1_19' title='bbox 988 1056 1077 1141; x_wconf 93' lang='lat' dir='ltr'><strong>quod</strong></span> <span class='ocrx_word' id='word_1_20' title='bbox 1088 1056 1189 1138; x_wconf 88' lang='lat' dir='ltr'><strong>magis</strong></span> <span class='ocrx_word' id='word_1_21' title='bbox 1201 1076 1280 1136; x_wconf 88' lang='lat' dir='ltr'><strong>reor,</strong></span> <span class='ocrx_word' id='word_1_22' title='bbox 1291 1057 1421 1120; x_wconf 92' lang='lat' dir='ltr'><strong>omnino</strong></span> 
     </span>
     <span class='ocr_line' id='line_1_4' title="bbox 465 1158 1018 1242; baseline -0.011 -16"><span class='ocrx_word' id='word_1_23' title='bbox 465 1183 530 1225; x_wconf 91' lang='lat' dir='ltr'><strong>non</strong></span> <span class='ocrx_word' id='word_1_24' title='bbox 546 1171 603 1225; x_wconf 90' lang='lat' dir='ltr'><strong>est.</strong></span> <span class='ocrx_word' id='word_1_25' title='bbox 646 1159 700 1222; x_wconf 88' lang='lat' dir='ltr'><strong>Ait</strong></span> <span class='ocrx_word' id='word_1_26' title='bbox 714 1179 853 1242; x_wconf 93' lang='lat' dir='ltr'><strong>namque</strong></span> <span class='ocrx_word' id='word_1_27' title='bbox 868 1158 1018 1235; x_wconf 90' lang='lat' dir='ltr'><strong>Ethicus‚</strong></span> 
     </span>
    </p>

    <p class='ocr_par' dir='ltr' id='par_1_3' title="bbox 611 1270 1233 1340">
     <span class='ocr_line' id='line_1_5' title="bbox 611 1270 1233 1340; baseline -0.002 -15"><span class='ocrx_word' id='word_1_28' title='bbox 611 1270 676 1325; x_wconf 91' lang='lat' dir='ltr'><strong>Noli</strong></span> <span class='ocrx_word' id='word_1_29' title='bbox 686 1271 825 1333; x_wconf 84' lang='lat' dir='ltr'><strong>fortunam,</strong></span> <span class='ocrx_word' id='word_1_30' title='bbox 837 1288 895 1340; x_wconf 78' lang='lat' dir='ltr'><strong>quse</strong></span> <span class='ocrx_word' id='word_1_31' title='bbox 907 1288 959 1323; x_wconf 87' lang='lat' dir='ltr'><strong>non</strong></span> <span class='ocrx_word' id='word_1_32' title='bbox 971 1276 1021 1336; x_wconf 84' lang='lat' dir='ltr'><strong>est,</strong></span> <span class='ocrx_word' id='word_1_33' title='bbox 1032 1271 1118 1326; x_wconf 80' lang='lat' dir='ltr'>dicere</span> <span class='ocrx_word' id='word_1_34' title='bbox 1129 1287 1233 1324; x_wconf 73' lang='lat' dir='ltr'><strong>caesam</strong></span> 
     </span>
    </p>
   </div>
   <div class='ocr_carea' id='block_1_3' title="bbox 447 1375 1419 4390">
    <p class='ocr_par' dir='ltr' id='par_1_4' title="bbox 447 1375 1419 4390">
     <span class='ocr_line' id='line_1_6' title="bbox 464 1375 1416 1463; baseline -0.003 -18"><span class='ocrx_word' id='word_1_35' title='bbox 464 1383 625 1445; x_wconf 85' lang='lat' dir='ltr'><strong>Homerus</strong></span> <span class='ocrx_word' id='word_1_36' title='bbox 634 1399 763 1463; x_wconf 89' lang='lat' dir='ltr'><strong>quoque</strong></span> <span class='ocrx_word' id='word_1_37' title='bbox 771 1378 805 1440; x_wconf 93' lang='lat' dir='ltr'><strong>in</strong></span> <span class='ocrx_word' id='word_1_38' title='bbox 813 1375 868 1439; x_wconf 91' lang='lat' dir='ltr'><strong>illo</strong></span> <span class='ocrx_word' id='word_1_39' title='bbox 878 1378 1093 1440; x_wconf 82' lang='lat' dir='ltr'><strong>celeberrimae</strong></span> <span class='ocrx_word' id='word_1_40' title='bbox 1104 1377 1311 1460; x_wconf 89' lang='lat' dir='ltr'><strong>perfectionis</strong></span> <span class='ocrx_word' id='word_1_41' title='bbox 1320 1398 1416 1461; x_wconf 90' lang='lat' dir='ltr'><strong>opere</strong></span> 
     </span>
     <span class='ocr_line' id='line_1_7' title="bbox 466 1478 1419 1564; baseline -0.003 -18"><span class='ocrx_word' id='word_1_42' title='bbox 466 1482 658 1564; x_wconf 81' lang='lat' dir='ltr'>dedignatus</span> <span class='ocrx_word' id='word_1_43' title='bbox 680 1491 730 1544; x_wconf 88' lang='lat' dir='ltr'><strong>est</strong></span> <span class='ocrx_word' id='word_1_44' title='bbox 758 1499 853 1542; x_wconf 90' lang='lat' dir='ltr'><strong>nosse</strong></span> <span class='ocrx_word' id='word_1_45' title='bbox 875 1479 1048 1552; x_wconf 87' lang='lat' dir='ltr'><strong>fortunam,</strong></span> <span class='ocrx_word' id='word_1_46' title='bbox 1070 1478 1152 1542; x_wconf 91' lang='lat' dir='ltr'><strong>adeo</strong></span> <span class='ocrx_word' id='word_1_47' title='bbox 1175 1478 1305 1562; x_wconf 90' lang='lat' dir='ltr'><strong>quidem</strong></span> <span class='ocrx_word' id='word_1_48' title='bbox 1328 1480 1419 1543; x_wconf 90' lang='lat' dir='ltr'><strong>utin</strong></span> 
     </span>
     <span class='ocr_line' id='line_1_8' title="bbox 463 1581 1417 1665; baseline -0.002 -19"><span class='ocrx_word' id='word_1_49' title='bbox 463 1585 553 1646; x_wconf 89' lang='lat' dir='ltr'><strong>nulla</strong></span> <span class='ocrx_word' id='word_1_50' title='bbox 573 1594 662 1665; x_wconf 89' lang='lat' dir='ltr'><strong>parte</strong></span> <span class='ocrx_word' id='word_1_51' title='bbox 686 1581 765 1646; x_wconf 90' lang='lat' dir='ltr'><strong>tanti</strong></span> <span class='ocrx_word' id='word_1_52' title='bbox 788 1581 938 1644; x_wconf 83' lang='lat' dir='ltr'><strong>carminis</strong></span> <span class='ocrx_word' id='word_1_53' title='bbox 959 1581 1149 1644; x_wconf 89' lang='lat' dir='ltr'><strong>nominetur.</strong></span> <span class='ocrx_word' id='word_1_54' title='bbox 1195 1581 1313 1644; x_wconf 87' lang='lat' dir='ltr'><strong>Maluit</strong></span> <span class='ocrx_word' id='word_1_55' title='bbox 1332 1581 1417 1644; x_wconf 92' lang='lat' dir='ltr'><strong>enim</strong></span> 
     </span>
     <span class='ocr_line' id='line_1_9' title="bbox 465 1680 1418 1767; baseline -0.002 -19"><span class='ocrx_word' id='word_1_56' title='bbox 465 1686 524 1749; x_wconf 92' lang='lat' dir='ltr'><strong>soli</strong></span> <span class='ocrx_word' id='word_1_57' title='bbox 539 1686 621 1763; x_wconf 91' lang='lat' dir='ltr'><strong>Deo,</strong></span> <span class='ocrx_word' id='word_1_58' title='bbox 638 1704 733 1767; x_wconf 90' lang='lat' dir='ltr'><strong>quem</strong></span> <span class='ocrx_word' id='word_1_59' title='bbox 745 1680 909 1765; x_wconf 88' lang='lat' dir='ltr'><strong>Morphan</strong></span> <span class='ocrx_word' id='word_1_60' title='bbox 924 1681 1108 1759; x_wconf 83' lang='lat' dir='ltr'><strong>nominavit,</strong></span> <span class='ocrx_word' id='word_1_61' title='bbox 1117 1682 1267 1746; x_wconf 85' lang='lat' dir='ltr'><strong>universa</strong></span> <span class='ocrx_word' id='word_1_62' title='bbox 1276 1682 1418 1762; x_wconf 90' lang='lat' dir='ltr'><strong>regenda</strong></span> 
     </span>
     <span class='ocr_line' id='line_1_10' title="bbox 462 1779 1416 1867; baseline -0.005 -16"><span class='ocrx_word' id='word_1_63' title='bbox 462 1789 670 1862; x_wconf 88' lang='lat' dir='ltr'><strong>committere,</strong></span> <span class='ocrx_word' id='word_1_64' title='bbox 699 1804 795 1867; x_wconf 90' lang='lat' dir='ltr'><strong>quam</strong></span> <span class='ocrx_word' id='word_1_65' title='bbox 816 1790 853 1845; x_wconf 92' lang='lat' dir='ltr'><strong>ut</strong></span> <span class='ocrx_word' id='word_1_66' title='bbox 881 1781 1003 1865; x_wconf 91' lang='lat' dir='ltr'><strong>aliquid</strong></span> <span class='ocrx_word' id='word_1_67' title='bbox 1032 1779 1226 1846; x_wconf 84' lang='lat' dir='ltr'><strong>adscriberet</strong></span> <span class='ocrx_word' id='word_1_68' title='bbox 1247 1783 1416 1846; x_wconf 81' lang='lat' dir='ltr'><strong>temeritati</strong></span> 
     </span>
     <span class='ocr_line' id='line_1_11' title="bbox 462 1879 1414 1967; baseline -0.005 -16"><span class='ocrx_word' id='word_1_69' title='bbox 462 1888 606 1964; x_wconf 85' lang='lat' dir='ltr'><strong>fortunae,</strong></span> <span class='ocrx_word' id='word_1_70' title='bbox 621 1905 719 1967; x_wconf 89' lang='lat' dir='ltr'><strong>quam</strong></span> <span class='ocrx_word' id='word_1_71' title='bbox 734 1884 844 1966; x_wconf 91' lang='lat' dir='ltr'><strong>utique</strong></span> <span class='ocrx_word' id='word_1_72' title='bbox 860 1883 906 1947; x_wconf 87' lang='lat' dir='ltr'><strong>sic</strong></span> <span class='ocrx_word' id='word_1_73' title='bbox 922 1892 1048 1946; x_wconf 90' lang='lat' dir='ltr'><strong>constat</strong></span> <span class='ocrx_word' id='word_1_74' title='bbox 1063 1883 1191 1946; x_wconf 91' lang='lat' dir='ltr'><strong>minime</strong></span> <span class='ocrx_word' id='word_1_75' title='bbox 1211 1904 1281 1946; x_wconf 91' lang='lat' dir='ltr'><strong>esse</strong></span> <span class='ocrx_word' id='word_1_76' title='bbox 1298 1879 1414 1960; x_wconf 85' lang='lat' dir='ltr'><strong>Deam,</strong></span> 
     </span>
     <span class='ocr_line' id='line_1_12' title="bbox 463 1982 1416 2067; baseline -0.003 -17"><span class='ocrx_word' id='word_1_77' title='bbox 463 1988 548 2052; x_wconf 88' lang='lat' dir='ltr'><strong>sicut</strong></span> <span class='ocrx_word' id='word_1_78' title='bbox 563 1995 686 2050; x_wconf 90' lang='lat' dir='ltr'><strong>certum</strong></span> <span class='ocrx_word' id='word_1_79' title='bbox 701 1992 761 2062; x_wconf 88' lang='lat' dir='ltr'><strong>est,</strong></span> <span class='ocrx_word' id='word_1_80' title='bbox 781 1982 845 2046; x_wconf 90' lang='lat' dir='ltr'><strong>dici</strong></span> <span class='ocrx_word' id='word_1_81' title='bbox 861 1994 894 2046; x_wconf 91' lang='lat' dir='ltr'><strong>et</strong></span> <span class='ocrx_word' id='word_1_82' title='bbox 914 1983 1007 2067; x_wconf 88' lang='lat' dir='ltr'><strong>pingi</strong></span> <span class='ocrx_word' id='word_1_83' title='bbox 1023 2001 1143 2047; x_wconf 87' lang='lat' dir='ltr'><strong>caecam</strong></span> <span class='ocrx_word' id='word_1_84' title='bbox 1198 1985 1326 2047; x_wconf 86' lang='lat' dir='ltr'><strong>Frustra</strong></span> <span class='ocrx_word' id='word_1_85' title='bbox 1341 2005 1416 2066; x_wconf 93' lang='lat' dir='ltr'><strong>ergo</strong></span> 
     </span>
     <span class='ocr_line' id='line_1_13' title="bbox 463 2086 1414 2168; baseline 0 -19"><span class='ocrx_word' id='word_1_86' title='bbox 463 2088 592 2150; x_wconf 77' lang='lat' dir='ltr'><strong>cecitas</strong></span> <span class='ocrx_word' id='word_1_87' title='bbox 612 2086 682 2168; x_wconf 86' lang='lat' dir='ltr'><strong>ejus</strong></span> <span class='ocrx_word' id='word_1_88' title='bbox 704 2086 855 2166; x_wconf 84' lang='lat' dir='ltr'><strong>arguitur,</strong></span> <span class='ocrx_word' id='word_1_89' title='bbox 869 2105 943 2167; x_wconf 74' lang='lat' dir='ltr'><strong>quae</strong></span> <span class='ocrx_word' id='word_1_90' title='bbox 964 2086 997 2148; x_wconf 93' lang='lat' dir='ltr'><strong>in</strong></span> <span class='ocrx_word' id='word_1_91' title='bbox 1020 2096 1133 2150; x_wconf 87' lang='lat' dir='ltr'><strong>natura</strong></span> <span class='ocrx_word' id='word_1_92' title='bbox 1154 2106 1257 2150; x_wconf 89' lang='lat' dir='ltr'><strong>rerum</strong></span> <span class='ocrx_word' id='word_1_93' title='bbox 1279 2086 1414 2150; x_wconf 82' lang='lat' dir='ltr'><strong>inveniri</strong></span> 
     </span>
     <span class='ocr_line' id='line_1_14' title="bbox 462 2186 1414 2272; baseline -0.001 -20"><span class='ocrx_word' id='word_1_94' title='bbox 462 2210 528 2252; x_wconf 92' lang='lat' dir='ltr'><strong>nou</strong></span> <span class='ocrx_word' id='word_1_95' title='bbox 547 2197 662 2272; x_wconf 91' lang='lat' dir='ltr'><strong>potest.</strong></span> <span class='ocrx_word' id='word_1_96' title='bbox 707 2186 806 2251; x_wconf 87' lang='lat' dir='ltr'><strong>Unde</strong></span> <span class='ocrx_word' id='word_1_97' title='bbox 828 2197 861 2249; x_wconf 92' lang='lat' dir='ltr'><strong>et</strong></span> <span class='ocrx_word' id='word_1_98' title='bbox 876 2206 971 2249; x_wconf 91' lang='lat' dir='ltr'><strong>casus</strong></span> <span class='ocrx_word' id='word_1_99' title='bbox 991 2208 1056 2250; x_wconf 90' lang='lat' dir='ltr'><strong>non</strong></span> <span class='ocrx_word' id='word_1_100' title='bbox 1073 2209 1143 2251; x_wconf 88' lang='lat' dir='ltr'><strong>esse</strong></span> <span class='ocrx_word' id='word_1_101' title='bbox 1159 2186 1370 2261; x_wconf 85' lang='lat' dir='ltr'><strong>convincitur,</strong></span> <span class='ocrx_word' id='word_1_102' title='bbox 1387 2188 1414 2251; x_wconf 92' lang='lat' dir='ltr'><strong>si</strong></span> 
     </span>
     <span class='ocr_line' id='line_1_15' title="bbox 463 2284 1414 2373; baseline -0.003 -20"><span class='ocrx_word' id='word_1_103' title='bbox 463 2311 538 2354; x_wconf 90' lang='lat' dir='ltr'><strong>eum</strong></span> <span class='ocrx_word' id='word_1_104' title='bbox 563 2289 634 2373; x_wconf 89' lang='lat' dir='ltr'><strong>quis</strong></span> <span class='ocrx_word' id='word_1_105' title='bbox 654 2284 863 2370; x_wconf 85' lang='lat' dir='ltr'><strong>improvisum</strong></span> <span class='ocrx_word' id='word_1_106' title='bbox 885 2296 1033 2350; x_wconf 87' lang='lat' dir='ltr'><strong>eventum</strong></span> <span class='ocrx_word' id='word_1_107' title='bbox 1056 2309 1126 2364; x_wconf 81' lang='lat' dir='ltr'><strong>esse</strong></span> <span class='ocrx_word' id='word_1_108' title='bbox 1150 2287 1292 2367; x_wconf 86' lang='lat' dir='ltr'><strong>definiat,</strong></span> <span class='ocrx_word' id='word_1_109' title='bbox 1313 2308 1414 2372; x_wconf 90' lang='lat' dir='ltr'><strong>quum</strong></span> 
     </span>
     <span class='ocr_line' id='line_1_16' title="bbox 460 2388 1413 2473; baseline -0.003 -18"><span class='ocrx_word' id='word_1_110' title='bbox 460 2390 543 2455; x_wconf 91' lang='lat' dir='ltr'><strong>nihil</strong></span> <span class='ocrx_word' id='word_1_111' title='bbox 564 2391 632 2468; x_wconf 90' lang='lat' dir='ltr'><strong>fiat,</strong></span> <span class='ocrx_word' id='word_1_112' title='bbox 654 2389 748 2473; x_wconf 89' lang='lat' dir='ltr'><strong>cujus</strong></span> <span class='ocrx_word' id='word_1_113' title='bbox 770 2401 873 2451; x_wconf 93' lang='lat' dir='ltr'><strong>ortum</strong></span> <span class='ocrx_word' id='word_1_114' title='bbox 896 2388 1039 2470; x_wconf 88' lang='lat' dir='ltr'><strong>legitima</strong></span> <span class='ocrx_word' id='word_1_115' title='bbox 1062 2410 1171 2466; x_wconf 88' lang='lat' dir='ltr'><strong>causa,</strong></span> <span class='ocrx_word' id='word_1_116' title='bbox 1193 2400 1227 2453; x_wconf 90' lang='lat' dir='ltr'><strong>et</strong></span> <span class='ocrx_word' id='word_1_117' title='bbox 1247 2389 1326 2453; x_wconf 89' lang='lat' dir='ltr'><strong>ratio</strong></span> <span class='ocrx_word' id='word_1_118' title='bbox 1348 2395 1413 2452; x_wconf 81' lang='lat' dir='ltr'><strong>nou</strong></span> 
     </span>
     <span class='ocr_line' id='line_1_17' title="bbox 461 2489 1412 2575; baseline -0.004 -19"><span class='ocrx_word' id='word_1_119' title='bbox 461 2491 634 2575; x_wconf 88' lang='lat' dir='ltr'><strong>praecedat,</strong></span> <span class='ocrx_word' id='word_1_120' title='bbox 648 2500 682 2554; x_wconf 93' lang='lat' dir='ltr'><strong>et</strong></span> <span class='ocrx_word' id='word_1_121' title='bbox 695 2490 801 2552; x_wconf 91' lang='lat' dir='ltr'><strong>fidelis</strong></span> <span class='ocrx_word' id='word_1_122' title='bbox 822 2491 1029 2554; x_wconf 84' lang='lat' dir='ltr'><strong>concionator</strong></span> <span class='ocrx_word' id='word_1_123' title='bbox 1049 2490 1129 2553; x_wconf 91' lang='lat' dir='ltr'><strong>nihil</strong></span> <span class='ocrx_word' id='word_1_124' title='bbox 1144 2490 1178 2553; x_wconf 91' lang='lat' dir='ltr'><strong>in</strong></span> <span class='ocrx_word' id='word_1_125' title='bbox 1198 2504 1281 2553; x_wconf 89' lang='lat' dir='ltr'><strong>terra</strong></span> <span class='ocrx_word' id='word_1_126' title='bbox 1296 2489 1412 2554; x_wconf 87' lang='lat' dir='ltr'><strong>doceat</strong></span> 
     </span>
     <span class='ocr_line' id='line_1_18' title="bbox 460 2589 1411 2674; baseline -0.004 -18"><span class='ocrx_word' id='word_1_127' title='bbox 460 2592 725 2656; x_wconf 86' lang='lat' dir='ltr'><strong>fierisinecausa.</strong></span> <span class='ocrx_word' id='word_1_128' title='bbox 757 2591 985 2653; x_wconf 88' lang='lat' dir='ltr'><strong>Verumtamen</strong></span> <span class='ocrx_word' id='word_1_129' title='bbox 995 2590 1070 2674; x_wconf 88' lang='lat' dir='ltr'><strong>quia</strong></span> <span class='ocrx_word' id='word_1_130' title='bbox 1081 2601 1194 2673; x_wconf 75' lang='lat' dir='ltr'><strong>praeter</strong></span> <span class='ocrx_word' id='word_1_131' title='bbox 1203 2589 1411 2654; x_wconf 90' lang='lat' dir='ltr'><strong>intentionem</strong></span> 
     </span>
     <span class='ocr_line' id='line_1_19' title="bbox 460 2688 1410 2774; baseline -0.004 -18"><span class='ocrx_word' id='word_1_132' title='bbox 460 2693 638 2774; x_wconf 89' lang='lat' dir='ltr'><strong>gerentium</strong></span> <span class='ocrx_word' id='word_1_133' title='bbox 654 2689 773 2773; x_wconf 87' lang='lat' dir='ltr'><strong>aliqua,</strong></span> <span class='ocrx_word' id='word_1_134' title='bbox 788 2690 943 2752; x_wconf 89' lang='lat' dir='ltr'><strong>nonnulla</strong></span> <span class='ocrx_word' id='word_1_135' title='bbox 958 2691 1149 2773; x_wconf 84' lang='lat' dir='ltr'><strong>contingunt</strong></span> <span class='ocrx_word' id='word_1_136' title='bbox 1159 2701 1272 2772; x_wconf 86' lang='lat' dir='ltr'><strong>praeter</strong></span> <span class='ocrx_word' id='word_1_137' title='bbox 1286 2688 1410 2772; x_wconf 91' lang='lat' dir='ltr'><strong>opinio·</strong></span> 
     </span>
     <span class='ocr_line' id='line_1_20' title="bbox 459 2791 1413 2876; baseline -0.005 -16"><span class='ocrx_word' id='word_1_138' title='bbox 459 2818 545 2876; x_wconf 90' lang='lat' dir='ltr'><strong>nem,</strong></span> <span class='ocrx_word' id='word_1_139' title='bbox 559 2817 652 2860; x_wconf 89' lang='lat' dir='ltr'><strong>casus</strong></span> <span class='ocrx_word' id='word_1_140' title='bbox 674 2794 887 2876; x_wconf 86' lang='lat' dir='ltr'><strong>appellatione</strong></span> <span class='ocrx_word' id='word_1_141' title='bbox 909 2792 1113 2868; x_wconf 88' lang='lat' dir='ltr'><strong>clauduntur,</strong></span> <span class='ocrx_word' id='word_1_142' title='bbox 1136 2794 1212 2856; x_wconf 89' lang='lat' dir='ltr'><strong>licet</strong></span> <span class='ocrx_word' id='word_1_143' title='bbox 1233 2813 1325 2876; x_wconf 83' lang='lat' dir='ltr'><strong>seque</strong></span> <span class='ocrx_word' id='word_1_144' title='bbox 1347 2791 1413 2855; x_wconf 88' lang='lat' dir='ltr'><strong>dis-</strong></span> 
     </span>
     <span class='ocr_line' id='line_1_21' title="bbox 458 2894 1413 2979; baseline -0.002 -20"><span class='ocrx_word' id='word_1_145' title='bbox 458 2897 608 2979; x_wconf 88' lang='lat' dir='ltr'><strong>ponentis</strong></span> <span class='ocrx_word' id='word_1_146' title='bbox 622 2896 743 2957; x_wconf 90' lang='lat' dir='ltr'><strong>ratione</strong></span> <span class='ocrx_word' id='word_1_147' title='bbox 757 2895 893 2977; x_wconf 75' lang='lat' dir='ltr'><strong>praevisa</strong></span> <span class='ocrx_word' id='word_1_148' title='bbox 909 2895 984 2972; x_wconf 90' lang='lat' dir='ltr'><strong>siut,</strong></span> <span class='ocrx_word' id='word_1_149' title='bbox 999 2894 1082 2957; x_wconf 88' lang='lat' dir='ltr'><strong>sicut</strong></span> <span class='ocrx_word' id='word_1_150' title='bbox 1096 2916 1134 2957; x_wconf 92' lang='lat' dir='ltr'><strong>ea</strong></span> <span class='ocrx_word' id='word_1_151' title='bbox 1149 2916 1220 2978; x_wconf 82' lang='lat' dir='ltr'><strong>quae</strong></span> <span class='ocrx_word' id='word_1_152' title='bbox 1235 2894 1306 2976; x_wconf 89' lang='lat' dir='ltr'><strong>lege</strong></span> <span class='ocrx_word' id='word_1_153' title='bbox 1321 2901 1413 2957; x_wconf 89' lang='lat' dir='ltr'><strong>natu·</strong></span> 
     </span>
     <span class='ocr_line' id='line_1_22' title="bbox 458 2989 1412 3074; baseline 0 -15"><span class='ocrx_word' id='word_1_154' title='bbox 458 3018 513 3074; x_wconf 78' lang='lat' dir='ltr'><strong>rae,</strong></span> <span class='ocrx_word' id='word_1_155' title='bbox 542 2994 743 3059; x_wconf 86' lang='lat' dir='ltr'><strong>necessitatis</strong></span> <span class='ocrx_word' id='word_1_156' title='bbox 765 2995 903 3057; x_wconf 88' lang='lat' dir='ltr'><strong>nexibus</strong></span> <span class='ocrx_word' id='word_1_157' title='bbox 926 2994 1072 3059; x_wconf 87' lang='lat' dir='ltr'><strong>videntur</strong></span> <span class='ocrx_word' id='word_1_158' title='bbox 1093 3004 1224 3059; x_wconf 86' lang='lat' dir='ltr'><strong>arctata.</strong></span> <span class='ocrx_word' id='word_1_159' title='bbox 1270 2989 1412 3059; x_wconf 84' lang='lat' dir='ltr'><strong>Proinde</strong></span> 
     </span>
     <span class='ocr_line' id='line_1_23' title="bbox 457 3094 1411 3179; baseline -0.002 -18"><span class='ocrx_word' id='word_1_160' title='bbox 457 3107 491 3161; x_wconf 89' lang='lat' dir='ltr'><strong>ct</strong></span> <span class='ocrx_word' id='word_1_161' title='bbox 510 3096 581 3160; x_wconf 85' lang='lat' dir='ltr'><strong>haec</strong></span> <span class='ocrx_word' id='word_1_162' title='bbox 603 3095 675 3178; x_wconf 82' lang='lat' dir='ltr'><strong>ipsa</strong></span> <span class='ocrx_word' id='word_1_163' title='bbox 691 3094 922 3177; x_wconf 85' lang='lat' dir='ltr'><strong>contingentia,</strong></span> <span class='ocrx_word' id='word_1_164' title='bbox 943 3096 1103 3179; x_wconf 80' lang='lat' dir='ltr'><strong>primaevae</strong></span> <span class='ocrx_word' id='word_1_165' title='bbox 1124 3096 1266 3159; x_wconf 89' lang='lat' dir='ltr'><strong>omnium</strong></span> <span class='ocrx_word' id='word_1_166' title='bbox 1289 3116 1411 3159; x_wconf 79' lang='lat' dir='ltr'><strong>caussae</strong></span> 
     </span>
     <span class='ocr_line' id='line_1_24' title="bbox 459 3197 1411 3276; baseline -0.003 -14"><span class='ocrx_word' id='word_1_167' title='bbox 459 3199 506 3262; x_wconf 89' lang='lat' dir='ltr'><strong>sic</strong></span> <span class='ocrx_word' id='word_1_168' title='bbox 522 3206 649 3262; x_wconf 84' lang='lat' dir='ltr'><strong>constat</strong></span> <span class='ocrx_word' id='word_1_169' title='bbox 663 3217 732 3261; x_wconf 85' lang='lat' dir='ltr'><strong>esse</strong></span> <span class='ocrx_word' id='word_1_170' title='bbox 747 3218 886 3276; x_wconf 86' lang='lat' dir='ltr'><strong>annexa,</strong></span> <span class='ocrx_word' id='word_1_171' title='bbox 900 3206 936 3261; x_wconf 92' lang='lat' dir='ltr'><strong>ut</strong></span> <span class='ocrx_word' id='word_1_172' title='bbox 950 3198 993 3261; x_wconf 91' lang='lat' dir='ltr'><strong>ad</strong></span> <span class='ocrx_word' id='word_1_173' title='bbox 1008 3219 1079 3261; x_wconf 90' lang='lat' dir='ltr'><strong>eam</strong></span> <span class='ocrx_word' id='word_1_174' title='bbox 1094 3198 1201 3261; x_wconf 90' lang='lat' dir='ltr'><strong>omnia</strong></span> <span class='ocrx_word' id='word_1_175' title='bbox 1219 3197 1411 3274; x_wconf 78' lang='lat' dir='ltr'><strong>referantur5</strong></span> 
     </span>
     <span class='ocr_line' id='line_1_25' title="bbox 458 3297 1409 3383; baseline -0.005 -19"><span class='ocrx_word' id='word_1_176' title='bbox 458 3309 491 3364; x_wconf 91' lang='lat' dir='ltr'><strong>et</strong></span> <span class='ocrx_word' id='word_1_177' title='bbox 504 3321 563 3383; x_wconf 90' lang='lat' dir='ltr'><strong>pro</strong></span> <span class='ocrx_word' id='word_1_178' title='bbox 577 3319 650 3362; x_wconf 87' lang='lat' dir='ltr'><strong>mea</strong></span> <span class='ocrx_word' id='word_1_179' title='bbox 661 3298 825 3381; x_wconf 91' lang='lat' dir='ltr'><strong>opinione,</strong></span> <span class='ocrx_word' id='word_1_180' title='bbox 837 3299 907 3361; x_wconf 89' lang='lat' dir='ltr'><strong>haec</strong></span> <span class='ocrx_word' id='word_1_181' title='bbox 924 3297 996 3381; x_wconf 91' lang='lat' dir='ltr'><strong>ipsa</strong></span> <span class='ocrx_word' id='word_1_182' title='bbox 1005 3297 1047 3361; x_wconf 89' lang='lat' dir='ltr'><strong>ad</strong></span> <span class='ocrx_word' id='word_1_183' title='bbox 1064 3298 1255 3382; x_wconf 89' lang='lat' dir='ltr'><strong>positionem</strong></span> <span class='ocrx_word' id='word_1_184' title='bbox 1266 3297 1409 3359; x_wconf 90' lang='lat' dir='ltr'><strong>omnium</strong></span> 
     </span>
     <span class='ocr_line' id='line_1_26' title="bbox 456 3397 1406 3485; baseline -0.002 -20"><span class='ocrx_word' id='word_1_185' title='bbox 456 3423 529 3485; x_wconf 86' lang='lat' dir='ltr'><strong>quae</strong></span> <span class='ocrx_word' id='word_1_186' title='bbox 552 3410 636 3477; x_wconf 89' lang='lat' dir='ltr'><strong>sunt,</strong></span> <span class='ocrx_word' id='word_1_187' title='bbox 658 3400 838 3463; x_wconf 90' lang='lat' dir='ltr'><strong>necessario</strong></span> <span class='ocrx_word' id='word_1_188' title='bbox 860 3410 1086 3484; x_wconf 86' lang='lat' dir='ltr'><strong>consequatur.</strong></span> <span class='ocrx_word' id='word_1_189' title='bbox 1130 3397 1297 3463; x_wconf 88' lang='lat' dir='ltr'><strong>Ridebunt</strong></span> <span class='ocrx_word' id='word_1_190' title='bbox 1326 3398 1406 3463; x_wconf 82' lang='lat' dir='ltr'><strong>forte</strong></span> 
     </span>
     <span class='ocr_line' id='line_1_27' title="bbox 456 3498 1408 3587; baseline 0 -22"><span class='ocrx_word' id='word_1_191' title='bbox 456 3501 679 3587; x_wconf 89' lang='lat' dir='ltr'><strong>prudentiores</strong></span> <span class='ocrx_word' id='word_1_192' title='bbox 700 3498 917 3584; x_wconf 89' lang='lat' dir='ltr'><strong>insipientiam</strong></span> <span class='ocrx_word' id='word_1_193' title='bbox 940 3523 1055 3580; x_wconf 89' lang='lat' dir='ltr'><strong>meam,</strong></span> <span class='ocrx_word' id='word_1_194' title='bbox 1071 3502 1127 3586; x_wconf 91' lang='lat' dir='ltr'><strong>qui</strong></span> <span class='ocrx_word' id='word_1_195' title='bbox 1143 3504 1249 3565; x_wconf 90' lang='lat' dir='ltr'><strong>Deum</strong></span> <span class='ocrx_word' id='word_1_196' title='bbox 1271 3520 1351 3579; x_wconf 87' lang='lat' dir='ltr'><strong>esse,</strong></span> <span class='ocrx_word' id='word_1_197' title='bbox 1366 3499 1408 3565; x_wconf 85' lang='lat' dir='ltr'><strong>ad</strong></span> 
     </span>
     <span class='ocr_line' id='line_1_28' title="bbox 454 3600 1407 3686; baseline -0.004 -18"><span class='ocrx_word' id='word_1_198' title='bbox 454 3603 656 3668; x_wconf 82' lang='lat' dir='ltr'><strong>existentiam</strong></span> <span class='ocrx_word' id='word_1_199' title='bbox 672 3600 824 3681; x_wconf 88' lang='lat' dir='ltr'><strong>omnium,</strong></span> <span class='ocrx_word' id='word_1_200' title='bbox 838 3604 930 3686; x_wconf 89' lang='lat' dir='ltr'><strong>sequi</strong></span> <span class='ocrx_word' id='word_1_201' title='bbox 946 3604 1130 3667; x_wconf 80' lang='lat' dir='ltr'><strong>consentio=</strong></span> <span class='ocrx_word' id='word_1_202' title='bbox 1153 3603 1211 3667; x_wconf 91' lang='lat' dir='ltr'><strong>sed</strong></span> <span class='ocrx_word' id='word_1_203' title='bbox 1235 3605 1275 3667; x_wconf 89' lang='lat' dir='ltr'><strong>ab</strong></span> <span class='ocrx_word' id='word_1_204' title='bbox 1291 3604 1407 3665; x_wconf 88' lang='lat' dir='ltr'><strong>effectu</strong></span> 
     </span>
     <span class='ocr_line' id='line_1_29' title="bbox 455 3702 1405 3788; baseline -0.005 -19"><span class='ocrx_word' id='word_1_205' title='bbox 455 3726 583 3769; x_wconf 90' lang='lat' dir='ltr'><strong>causam</strong></span> <span class='ocrx_word' id='word_1_206' title='bbox 599 3703 716 3781; x_wconf 83' lang='lat' dir='ltr'><strong>inferri,</strong></span> <span class='ocrx_word' id='word_1_207' title='bbox 732 3702 782 3766; x_wconf 83' lang='lat' dir='ltr'><strong>vel</strong></span> <span class='ocrx_word' id='word_1_208' title='bbox 797 3704 1004 3785; x_wconf 83' lang='lat' dir='ltr'><strong>probabiliter</strong></span> <span class='ocrx_word' id='word_1_209' title='bbox 1018 3726 1069 3769; x_wconf 88' lang='lat' dir='ltr'><strong>me</strong></span> <span class='ocrx_word' id='word_1_210' title='bbox 1085 3704 1291 3788; x_wconf 86' lang='lat' dir='ltr'><strong>Peripatetici</strong></span> <span class='ocrx_word' id='word_1_211' title='bbox 1307 3702 1405 3765; x_wconf 91' lang='lat' dir='ltr'><strong>docu-</strong></span> 
     </span>
     <span class='ocr_line' id='line_1_30' title="bbox 453 3801 1405 3870; baseline -0.004 -1"><span class='ocrx_word' id='word_1_212' title='bbox 453 3816 554 3870; x_wconf 88' lang='lat' dir='ltr'><strong>erunt.</strong></span> <span class='ocrx_word' id='word_1_213' title='bbox 597 3806 697 3869; x_wconf 92' lang='lat' dir='ltr'><strong>Porro</strong></span> <span class='ocrx_word' id='word_1_214' title='bbox 713 3802 860 3869; x_wconf 89' lang='lat' dir='ltr'><strong>doctores</strong></span> <span class='ocrx_word' id='word_1_215' title='bbox 874 3804 952 3869; x_wconf 88' lang='lat' dir='ltr'><strong>fidei</strong></span> <span class='ocrx_word' id='word_1_216' title='bbox 967 3827 1036 3868; x_wconf 87' lang='lat' dir='ltr'><strong>eam</strong></span> <span class='ocrx_word' id='word_1_217' title='bbox 1054 3827 1096 3869; x_wconf 89' lang='lat' dir='ltr'><strong>cx</strong></span> <span class='ocrx_word' id='word_1_218' title='bbox 1113 3801 1261 3868; x_wconf 90' lang='lat' dir='ltr'><strong>omnibus</strong></span> <span class='ocrx_word' id='word_1_219' title='bbox 1276 3822 1405 3867; x_wconf 88' lang='lat' dir='ltr'><strong>causam</strong></span> 
     </span>
     <span class='ocr_line' id='line_1_31' title="bbox 454 3902 1406 3990; baseline -0.003 -22"><span class='ocrx_word' id='word_1_220' title='bbox 454 3906 637 3969; x_wconf 88' lang='lat' dir='ltr'><strong>necessario</strong></span> <span class='ocrx_word' id='word_1_221' title='bbox 658 3906 807 3984; x_wconf 87' lang='lat' dir='ltr'><strong>inferunt,</strong></span> <span class='ocrx_word' id='word_1_222' title='bbox 823 3927 867 3969; x_wconf 89' lang='lat' dir='ltr'><strong>ex</strong></span> <span class='ocrx_word' id='word_1_223' title='bbox 886 3908 1083 3989; x_wconf 89' lang='lat' dir='ltr'><strong>quaomnia,</strong></span> <span class='ocrx_word' id='word_1_224' title='bbox 1104 3925 1270 3990; x_wconf 91' lang='lat' dir='ltr'><strong>perquam</strong></span> <span class='ocrx_word' id='word_1_225' title='bbox 1286 3902 1406 3979; x_wconf 87' lang='lat' dir='ltr'><strong>omnia,</strong></span> 
     </span>
     <span class='ocr_line' id='line_1_32' title="bbox 454 4002 1404 4091; baseline -0.004 -23"><span class='ocrx_word' id='word_1_226' title='bbox 454 4005 534 4068; x_wconf 89' lang='lat' dir='ltr'><strong>etin</strong></span> <span class='ocrx_word' id='word_1_227' title='bbox 550 4025 614 4087; x_wconf 89' lang='lat' dir='ltr'><strong>qua</strong></span> <span class='ocrx_word' id='word_1_228' title='bbox 629 4016 704 4068; x_wconf 90' lang='lat' dir='ltr'><strong>sunt</strong></span> <span class='ocrx_word' id='word_1_229' title='bbox 718 4007 836 4084; x_wconf 90' lang='lat' dir='ltr'><strong>omnia,</strong></span> <span class='ocrx_word' id='word_1_230' title='bbox 851 4018 883 4069; x_wconf 91' lang='lat' dir='ltr'><strong>et</strong></span> <span class='ocrx_word' id='word_1_231' title='bbox 894 4008 963 4071; x_wconf 90' lang='lat' dir='ltr'><strong>sine</strong></span> <span class='ocrx_word' id='word_1_232' title='bbox 978 4029 1044 4091; x_wconf 87' lang='lat' dir='ltr'><strong>qua</strong></span> <span class='ocrx_word' id='word_1_233' title='bbox 1058 4007 1245 4081; x_wconf 86' lang='lat' dir='ltr'><strong>factumest,</strong></span> <span class='ocrx_word' id='word_1_234' title='bbox 1261 4012 1313 4067; x_wconf 87' lang='lat' dir='ltr'><strong>aut</strong></span> <span class='ocrx_word' id='word_1_235' title='bbox 1329 4002 1404 4065; x_wconf 90' lang='lat' dir='ltr'><strong>sub·</strong></span> 
     </span>
     <span class='ocr_line' id='line_1_33' title="bbox 451 4104 1402 4191; baseline -0.002 -22"><span class='ocrx_word' id='word_1_236' title='bbox 451 4106 574 4181; x_wconf 84' lang='lat' dir='ltr'><strong>sistere,</strong></span> <span class='ocrx_word' id='word_1_237' title='bbox 602 4104 683 4166; x_wconf 89' lang='lat' dir='ltr'><strong>nihil</strong></span> <span class='ocrx_word' id='word_1_238' title='bbox 713 4116 828 4188; x_wconf 88' lang='lat' dir='ltr'><strong>potest.</strong></span> <span class='ocrx_word' id='word_1_239' title='bbox 884 4108 982 4180; x_wconf 87' lang='lat' dir='ltr'><strong>Quod</strong></span> <span class='ocrx_word' id='word_1_240' title='bbox 1010 4130 1086 4191; x_wconf 91' lang='lat' dir='ltr'><strong>ergo</strong></span> <span class='ocrx_word' id='word_1_241' title='bbox 1116 4106 1238 4189; x_wconf 89' lang='lat' dir='ltr'><strong>aliquid</strong></span> <span class='ocrx_word' id='word_1_242' title='bbox 1268 4105 1402 4167; x_wconf 81' lang='lat' dir='ltr'><strong>fortunae</strong></span> 
     </span>
     <span class='ocr_line' id='line_1_34' title="bbox 452 4202 1403 4294; baseline 0.002 -27"><span class='ocrx_word' id='word_1_243' title='bbox 452 4206 596 4269; x_wconf 86' lang='lat' dir='ltr'><strong>videmur</strong></span> <span class='ocrx_word' id='word_1_244' title='bbox 609 4205 800 4281; x_wconf 90' lang='lat' dir='ltr'><strong>adscribere,</strong></span> <span class='ocrx_word' id='word_1_245' title='bbox 816 4208 845 4271; x_wconf 92' lang='lat' dir='ltr'><strong>ci</strong></span> <span class='ocrx_word' id='word_1_246' title='bbox 867 4231 1071 4294; x_wconf 88' lang='lat' dir='ltr'><strong>nequaquam</strong></span> <span class='ocrx_word' id='word_1_247' title='bbox 1090 4206 1291 4292; x_wconf 87' lang='lat' dir='ltr'><strong>praejudicat.</strong></span> <span class='ocrx_word' id='word_1_248' title='bbox 1337 4202 1403 4269; x_wconf 86' lang='lat' dir='ltr'><strong>Sed</strong></span> 
     </span>
     <span class='ocr_line' id='line_1_35' title="bbox 447 4305 1401 4390; baseline 0 -21"><span class='ocrx_word' id='word_1_249' title='bbox 447 4306 523 4390; x_wconf 90' lang='lat' dir='ltr'><strong>quia</strong></span> <span class='ocrx_word' id='word_1_250' title='bbox 547 4305 641 4369; x_wconf 89' lang='lat' dir='ltr'><strong>nobis</strong></span> <span class='ocrx_word' id='word_1_251' title='bbox 663 4305 705 4369; x_wconf 88' lang='lat' dir='ltr'><strong>ad</strong></span> <span class='ocrx_word' id='word_1_252' title='bbox 733 4306 881 4372; x_wconf 89' lang='lat' dir='ltr'><strong>homines</strong></span> <span class='ocrx_word' id='word_1_253' title='bbox 903 4330 1006 4373; x_wconf 88' lang='lat' dir='ltr'><strong>sermo</strong></span> <span class='ocrx_word' id='word_1_254' title='bbox 1029 4306 1274 4387; x_wconf 83' lang='lat' dir='ltr'><strong>est,&#39;hominum</strong></span> <span class='ocrx_word' id='word_1_255' title='bbox 1297 4306 1401 4369; x_wconf 89' lang='lat' dir='ltr'><strong>verbis</strong></span> 
     </span>
    </p>
   </div>
   <div class='ocr_carea' id='block_1_4' title="bbox 446 4407 1400 4509">
    <p class='ocr_par' dir='ltr' id='par_1_5' title="bbox 446 4407 1400 4509">
     <span class='ocr_line' id='line_1_36' title="bbox 446 4407 1400 4509; baseline 0.002 -40"><span class='ocrx_word' id='word_1_256' title='bbox 446 4407 574 4487; x_wconf 88' lang='lat' dir='ltr'><strong>utimur,</strong></span> <span class='ocrx_word' id='word_1_257' title='bbox 596 4408 710 4492; x_wconf 90' lang='lat' dir='ltr'><strong>pingui</strong></span> <span class='ocrx_word' id='word_1_258' title='bbox 735 4409 784 4489; x_wconf 88' lang='lat' dir='ltr'><strong>(ut</strong></span> <span class='ocrx_word' id='word_1_259' title='bbox 798 4409 1020 4494; x_wconf 68' lang='lat' dir='ltr'><strong>praediximus)</strong></span> <span class='ocrx_word' id='word_1_260' title='bbox 1044 4412 1191 4489; x_wconf 85' lang='lat' dir='ltr'><strong>Minerva</strong></span> <span class='ocrx_word' id='word_1_261' title='bbox 1212 4419 1344 4509; x_wconf 79' lang='lat' dir='ltr'><strong>agentes</strong></span> <span class='ocrx_word' id='word_1_262' title='bbox 1360 4409 1400 4473; x_wconf 90' lang='lat' dir='ltr'><strong>de</strong></span> 
     </span>
    </p>
   </div>
   <div class='ocr_carea' id='block_1_5' title="bbox 0 0 1792 5575">
    <p class='ocr_par' dir='ltr' id='par_1_6' title="bbox 0 0 1792 5575">
     <span class='ocr_line' id='line_1_37' title="bbox 0 0 1792 5575; baseline 0 7"><span class='ocrx_word' id='word_1_263' title='bbox 0 0 1792 5575; x_wconf 95' lang='lat' dir='ltr'><strong> </strong></span> 
     </span>
    </p>
   </div>
  </div>
 </body>
</html>
