3575 5575
491 770 532 829 46
749 784 884 829 maurus
901 781 1177 828 saansaaarnasrs
1324 763 1409 843 [arn.
1426 778 1448 831 1.

491 932 639 998 noverint
668 932 870 1020 profluxisse,
902 954 1077 1018 verumque
1108 954 1251 1020 persaepe
1280 936 1450 1019 proferunt

492 1033 559 1099 sola
588 1035 764 1101 intentione
793 1033 935 1112 fallendi,
962 1057 981 1098 a
1008 1033 1128 1119 quibus
1156 1035 1295 1099 animam
1321 1037 1449 1105 fidelem

492 1137 650 1201 Dominus
661 1160 780 1219 arcens,
791 1137 854 1202 ait:
880 1138 914 1201 Si
930 1136 1071 1202 dixerint
1084 1135 1183 1218 vobis,
1194 1151 1227 1202 et
1238 1136 1284 1203 ita
1294 1141 1447 1219 evenerit,

491 1260 533 1302 ne
553 1238 689 1304 credatis
707 1239 762 1305 eis.
806 1238 1011 1324 Praestigium
1031 1261 1107 1303 vero
1125 1241 1310 1305 Mercurius
1330 1240 1449 1308 dicitur

490 1341 657 1418 invenisse,
680 1341 767 1427 quod
792 1364 832 1406 ex
853 1365 891 1406 eo
913 1340 958 1406 sic
978 1340 1110 1417 dicitur,
1132 1340 1223 1427 quod
1244 1343 1344 1409 aciem
1366 1365 1448 1429 pra-

491 1442 627 1527 stringat
647 1442 822 1519 oculorum,
837 1442 969 1529 fuitque
988 1462 1153 1526 magorum
1172 1440 1395 1528 peritissimus,
1410 1459 1448 1511 ut

489 1564 697 1629 quascunque
712 1566 763 1607 res
778 1542 873 1608 vellet
887 1541 1063 1607 invisibiles
1082 1542 1213 1621 faceret,
1230 1558 1287 1610 aut
1303 1558 1340 1611 ut
1356 1546 1447 1611 vide·

488 1643 594 1720 batur,
605 1642 636 1707 in
650 1644 727 1710 alias
739 1644 859 1732 species
871 1645 1123 1709 transformaret.
1153 1646 1270 1710 Omnia
1284 1647 1444 1734 siquidem

487 1746 573 1811 unde
593 1746 771 1811 doctrinam
789 1745 941 1811 mathesis
957 1759 1059 1811 notat.
1099 1750 1143 1813 At
1158 1745 1268 1813 divina
1285 1749 1446 1829 mathesis,

487 1844 568 1910 dum
598 1847 808 1931 penultimam
837 1846 996 1923 extendis,
1025 1847 1190 1934 figmenta,
1219 1849 1260 1913 ad
1322 1873 1374 1936 agr
1412 1874 1444 1919 m

488 1942 685 2027 referuntur,
698 1946 792 2031 cujus
806 1943 955 2031 plurimae
971 1946 1092 2032 species
1107 1958 1181 2011 suut
1196 1958 1228 2012 et
1242 1946 1387 2015 diversae.

483 2145 488 2152 ¹
580 2166 663 2251 Cap.
681 2169 731 2231 10.
756 2168 822 2241 Qut
836 2168 904 2230 sint
918 2167 1023 2251 Mayi,
1037 2175 1071 2232 et
1084 2168 1172 2233 unde
1185 2170 1351 2235 dicantem

530 2310 582 2373 Er
598 2306 728 2395 quidem
751 2307 835 2393 magi
857 2320 944 2386 sunt,
960 2319 992 2372 et
1007 2306 1050 2371 oh
1072 2308 1327 2395 magnitudinem
1347 2308 1443 2374 male·

447 2480 452 2487 ¹
487 2409 630 2474 liciorum
658 2410 702 2473 sic
728 2409 944 2497 appellantur,
975 2408 1034 2494 qui
1059 2410 1201 2475 Domino
1227 2410 1443 2497 permittente,

487 2510 643 2579 elementa
668 2511 874 2587 concutiunt;
911 2511 1008 2576 rebus
1036 2510 1182 2578 adimunt
1208 2514 1328 2599 species
1357 2535 1443 2590 suas,

485 2629 622 2683 ventura
651 2614 841 2703 plerumque
876 2613 1112 2700 praenunciant,
1150 2615 1282 2679 turbant
1318 2626 1441 2679 mentes

484 2717 661 2801 hominum,
686 2717 865 2785 immittunt
895 2715 1029 2795 somnia,
1056 2715 1264 2805 hominesque
1289 2716 1442 2781 violentia

482 2821 629 2887 carminis
651 2819 810 2888 duntaxat
833 2821 997 2899 occidunt,
1013 2819 1102 2907 quod
1123 2832 1155 2885 et
1179 2819 1343 2887 Lucanum
1368 2842 1439 2884 nos·

483 2935 571 2986 trum
586 2944 650 2985 non
665 2921 773 2986 latuit.
818 2921 872 2984 Ait
887 2921 984 2998 enim,

591 3037 670 3090 Mens
681 3037 769 3089 hausti
779 3034 853 3088 nulla
864 3037 938 3088 sanie
951 3035 1050 3107 polluta
1061 3039 1162 3102 venmi,

590 3107 729 3160 Inoantata
740 3105 819 3176 perit.

482 3211 528 3274 Et
545 3229 584 3273 ne
600 3207 659 3272 tibi
674 3229 774 3295 parva
787 3204 937 3271 videatur
950 3203 1037 3270 illius
1050 3204 1236 3283 auctoritas,
1252 3207 1335 3271 nosti
1350 3208 1439 3294 quod

481 3317 614 3380 Jamnes
628 3324 661 3375 et
672 3311 831 3388 Mambre,
844 3312 930 3395 magi
945 3307 1122 3373 Pharaonis
1137 3307 1281 3373 suerum.
1311 3308 1440 3396 AEgyp-

484 3428 538 3480 tus
553 3412 670 3479 etenim
684 3412 870 3499 hujusmodi
883 3410 1147 3499 superstitionum
1163 3422 1196 3475 et
1211 3409 1440 3478 maleficiorum

484 3529 587 3582 mater
601 3528 659 3582 est.
701 3515 796 3580 Nosti
810 3517 942 3599 inquam
958 3535 1023 3590 eos,
1035 3535 1099 3577 non
1114 3513 1210 3578 modo
1225 3517 1334 3599 Moysi
1348 3514 1440 3580 resti-

482 3619 568 3698 tisse,
583 3617 638 3682 sed
654 3641 728 3682 cum
744 3638 781 3680 eo
796 3614 893 3701 signis
908 3627 940 3680 et
961 3613 1121 3680 miraculis
1134 3615 1347 3693 contendisse,
1363 3615 1439 3682 licet

481 3722 686 3811 postmodum
713 3719 763 3785 vel
790 3717 883 3782 inviti
909 3717 1010 3782 coacti
1036 3731 1122 3798 sunt,
1149 3719 1287 3805 digitum
1316 3718 1378 3782 Dei
1405 3718 1439 3780 in

480 3825 577 3911 signis
594 3821 703 3910 Moysi
718 3819 872 3886 confiteri.

675 4061 755 4144 Cap.
774 4065 822 4123 ll.
845 4061 898 4124 Dc
911 4061 1071 4142 speciebus
1085 4059 1240 4140 Mugicae.

519 4192 1435 4292 Qfflffi-Q‘ussswvffleeaheuu·

480 4312 555 4365 tuor
577 4296 696 4384 species
718 4296 922 4362 divinationis
941 4298 983 4363 ab
1003 4295 1167 4362 elementis
1187 4305 1353 4360 mutuatus
1374 4307 1433 4368 est,

480 4399 713 4488 pyromantiam
729 4398 857 4480 scilicet,
867 4397 1107 4478 aeromantiam,
1118 4397 1386 4483 hydromantiam,
1402 4409 1434 4462 et
