3575 5575
359 779 431 824 oar.
448 762 510 841 ru]
711 776 964 825 eonrcanrmus.
1143 848 1148 853 .
1267 766 1308 823 28

464 928 520 991 Qui
531 945 616 981 mores
625 928 758 983 hominum
768 928 906 983 multorum
916 928 982 981 vidit
992 932 1020 980 et
1029 927 1115 992 urbes,

359 1026 453 1109 cujus
478 1026 680 1109 providentia
701 1025 799 1089 nullis
824 1025 930 1110 potuit
952 1024 1078 1088 insidiis
1100 1020 1311 1108 supplantari,-

358 1127 452 1211 cujus
467 1127 645 1192 tendiculas
655 1149 749 1190 nemo
765 1128 905 1191 hostium
920 1125 1081 1189 indemnis
1095 1125 1205 1204 erasit,
1217 1124 1309 1209 cujus

358 1228 500 1312 denique
514 1228 644 1293 inermis
658 1229 774 1292 militia
790 1228 923 1292 ulterius
944 1229 1101 1311 promovit
1123 1228 1309 1291 Groecomm

360 1330 502 1409 gloriam,
517 1350 612 1413 quam
634 1330 722 1393 mille
744 1330 856 1393 ratium
878 1339 997 1391 armata
1017 1327 1198 1392 multitudo.
1243 1326 1309 1391 Sed

358 1440 391 1491 et
410 1430 479 1513 ipse
502 1431 597 1514 hujus
618 1429 763 1494 exercitii
777 1429 904 1495 Circem
920 1430 1031 1493 laudat
1046 1441 1220 1503 auctorem,
1236 1448 1309 1512 quar

358 1530 554 1593 carminibus
569 1542 601 1593 et
613 1531 740 1612 poculis
753 1530 910 1593 humanas
924 1541 1049 1593 mentes
1064 1530 1182 1594 dicitur
1194 1530 1309 1592 immu-

359 1641 455 1707 tasse,
467 1651 505 1693 eo
521 1630 609 1714 quod
624 1640 689 1693 arte
702 1632 879 1705 verborum,
890 1638 923 1692 et
935 1650 1040 1693 rerum
1055 1631 1156 1712 gratia
1170 1629 1312 1692 alliceret

361 1740 485 1794 mentes
500 1732 675 1809 hominum,
692 1742 724 1795 et
739 1752 805 1795 suae
821 1731 977 1793 voluntati
990 1732 1170 1793 conformes
1183 1731 1217 1793 in
1232 1750 1310 1793 usus

361 1831 523 1913 quoslibet
551 1830 793 1895 transformaret.
848 1830 974 1892 Graecis
1001 1831 1109 1913 itaque
1141 1830 1311 1913 propinata

359 1941 435 1995 sunt
444 1942 602 2015 suspectae
612 1952 734 1997 venena
745 1931 931 2015 voluptaria
944 1931 1003 1995 sed
1011 1952 1051 1995 ea
1059 1953 1158 2015 quum
1168 1931 1310 2014 prudens

362 2041 520 2111 gustasset
534 2035 675 2112 Ithacus,
690 2034 794 2097 noluit
808 2034 929 2110 bibere,
941 2054 982 2096 ne
996 2035 1058 2097 sub
1070 2032 1200 2097 domine
1210 2054 1310 2097 mere·
1397 2101 1405 2115 ¹

359 2134 439 2197 trice
455 2134 556 2217 turpis
578 2146 611 2197 et
632 2156 746 2199 excors
761 2136 867 2198 vivere
882 2143 1056 2216 cogeretur.
1100 2137 1219 2199 Verum
1235 2134 1312 2219 qnia

360 2237 518 2319 sapientie
532 2258 637 2301 rerum
651 2237 794 2300 omnium
810 2237 902 2301 novit
915 2256 1021 2312 usum,
1036 2235 1176 2319 providit
1186 2238 1235 2300 vir
1249 2238 1311 2300 cir·

359 2349 578 2421 cumspectus,
594 2337 692 2401 finitis
714 2339 878 2402 laboribus
894 2350 927 2402 et
941 2339 1110 2417 erroribus,
1125 2360 1222 2423 quum
1238 2361 1312 2403 eum

361 2439 478 2521 pudica
491 2441 665 2524 Penelope,
681 2452 714 2503 et
727 2443 861 2504 affectus
875 2440 1062 2504 Telemachi
1077 2462 1143 2505 non
1158 2461 1311 2522 agnosce·

360 2548 411 2605 ret
436 2550 654 2619 revertentem,
683 2540 846 2625 quomodo
885 2540 1002 2605 damna
1031 2543 1203 2620 sociorum,
1231 2563 1313 2626 quos

362 2644 442 2706 tanti
457 2644 547 2706 exilii
570 2643 773 2727 dispendium
788 2646 915 2717 tulerat,
929 2645 1065 2707 Grecis
1080 2656 1311 2725 compensaret

363 2742 558 2806 Admiranda
572 2743 672 2805 suerat
687 2742 769 2805 fides
784 2742 884 2815 canis,
898 2742 949 2804 cui
964 2742 1024 2804 soli
1034 2742 1068 2804 in
1085 2743 1313 2822 tantslamilis,

360 2863 421 2906 nec
450 2843 564 2923 viginti
593 2863 747 2906 annorum
776 2842 944 2920 curricula,
969 2843 1150 2908 memoriam
1180 2843 1312 2924 domini,
1350 2865 1367 2874 ·

359 2943 439 3027 quin
459 2943 603 3006 redeunti
626 2943 846 3026 applauderet,
869 2944 1079 3024 abstulerunt,
1095 2944 1158 3007 nisi
1180 2943 1220 3008 de
1242 2945 1312 3029 ejus

361 3044 466 3122 laude,
488 3045 623 3108 canibus
646 3053 831 3109 venatorum
858 3046 960 3126 gratia
984 3046 1115 3108 ulterius
1138 3047 1311 3110 resultaret.

361 3145 447 3208 Novi
458 3158 564 3208 tamen
577 3143 677 3207 studii
693 3144 924 3208 Telemachum
936 3166 1029 3208 suum
1039 3146 1144 3210 vivere
1159 3148 1313 3232 praecepit

359 3257 536 3331 expertem,
550 3246 615 3308 illis
638 3245 715 3308 solis
737 3245 851 3308 dicens
873 3246 969 3309 allata
990 3266 1062 3310 esse
1083 3269 1176 3311 norm
1198 3251 1313 3332 volup-‚

360 3349 436 3412 tatis
465 3348 589 3425 solatia,
619 3348 674 3432 qui
704 3347 831 3410 amissis
859 3348 1044 3431 parentibus
1072 3349 1205 3433 Trojani
1234 3352 1311 3428 belli

360 3449 478 3513 damus
492 3451 653 3513 sentirent.
699 3449 796 3514 Unde
818 3461 851 3512 et
871 3459 971 3514 artem
990 3451 1218 3515 infnrstuossm
1240 3473 1310 3516 esse

360 3548 512 3631 conjicio,
522 3571 618 3632 quam
634 3551 674 3612 ab
691 3551 785 3614 unico
797 3549 864 3612 lilio
875 3560 983 3614 tantus
992 3551 1039 3613 vir
1049 3551 1171 3615 studuit
1181 3573 1311 3636 seques·

360 3663 453 3714 trare.
498 3651 594 3722 Quod
609 3652 659 3714 vel
674 3673 718 3714 ex
740 3673 779 3714 eo
792 3671 919 3716 mecum
933 3652 1099 3737 conjicies,
1114 3653 1201 3736 quod
1223 3653 1312 3718 dete·

359 3754 423 3816 rior
448 3771 546 3815 sexus
567 3752 602 3814 in
628 3751 734 3814 svium
756 3753 922 3815 venatione
947 3753 1053 3834 potior
1077 3764 1137 3816 est«
1180 3756 1219 3816 In
1246 3776 1311 3838 quo

359 3865 485 3936 poteras
506 3866 653 3916 naturam
675 3871 815 3933 arguere,
836 3851 898 3915 nisi
920 3872 1036 3915 nosces
1058 3853 1135 3936 quis
1156 3854 1311 3922 deteriora

359 3975 486 4038 semper
499 3954 648 4036 proniora
663 3950 793 4015 suntad
807 3951 961 4036 rapinam.
1005 3954 1117 4017 Inanis
1131 3957 1247 4020 etenim
1262 3970 1313 4023 est

359 4068 393 4121 et
419 4057 590 4120 admodum
618 4056 790 4130 laboriosa,
815 4063 849 4118 at
873 4075 946 4138 quae
971 4053 1089 4121 damna
1116 4074 1311 4142 sumptuum,

360 4181 524 4243 nunquam
554 4179 762 4222 successuum
800 4157 934 4222 utilitate
963 4169 1161 4241 compenset.
1221 4162 1311 4226 Licet

359 4261 487 4342 plurimi
509 4261 708 4324 renationem
735 4270 917 4335 exerceant,
939 4268 976 4324 ut
999 4263 1060 4325 sub
1087 4282 1127 4324 eo
1152 4274 1311 4344 praetextu

360 4369 507 4441 sumptus
535 4360 653 4425 faciant
681 4360 852 4443 parciores,
878 4359 967 4423 domi
995 4361 1104 4437 rarius,
1130 4363 1246 4443 saepius
1275 4363 1308 4426 iu
