3575 5575
497 817 562 878 834
755 830 894 876 romnis
910 830 1190 877 suunsanrunusm
1322 814 1403 894 [ue.
1421 837 1451 884 v.

500 993 614 1048 cerunt
627 983 735 1060 etalii,
748 984 802 1068 qni
812 984 928 1048 fertum
939 991 994 1047 aut
1005 985 1153 1063 cicutam,
1167 985 1292 1050 aliudve
1304 988 1451 1052 toxicum

498 1098 771 1171 praeoccupantes,
791 1108 919 1149 omnem
941 1098 974 1150 et
993 1088 1092 1151 solam
1117 1089 1166 1167 (ut
1189 1091 1361 1173 putabant)
1385 1101 1451 1154 tur·

499 1189 655 1272 pitudinis
669 1190 867 1270 effugiebant
881 1200 1002 1253 notam.
1039 1190 1188 1254 Veritatis
1204 1213 1343 1275 namque
1358 1193 1450 1272 igno·

500 1290 603 1353 rantia
617 1290 665 1354 eis
678 1291 872 1374 patrocinari
888 1290 1031 1369 videtur3
1055 1292 1114 1356 sed
1137 1314 1244 1358 crassa
1269 1306 1317 1359 est
1342 1306 1374 1359 et
1398 1318 1451 1359 su-

499 1391 587 1475 pina,
603 1413 676 1475 quar
694 1402 781 1456 certa
803 1393 970 1476 postponit
990 1393 1130 1468 incertis,
1157 1405 1191 1460 et
1214 1397 1370 1481 quicquid
1396 1399 1452 1460 ha-

499 1496 594 1558 betur
617 1494 773 1577 optimum
799 1515 963 1559 excausa
993 1496 1083 1560 inani
1108 1483 1229 1581 abjicit,
1252 1510 1284 1562 et
1309 1501 1452 1583 expellit.

500 1599 571 1660 Nec
598 1598 632 1660 in
656 1619 695 1660 eo
720 1597 913 1661 fortitudinis
938 1617 1056 1662 nomen
1086 1600 1275 1684 assequitur,
1302 1601 1389 1684 quod
1418 1623 1451 1665 se

496 1719 563 1784 prae
590 1699 712 1764 oaetcris
736 1697 938 1763 fraudulenta
964 1699 1073 1783 opinio
1098 1703 1252 1787 consequi
1289 1703 1450 1784 gloriatur.

501 1803 622 1886 Utique
637 1799 853 1864 fraudulenter
867 1809 900 1864 et
914 1821 1005 1879 vane,
1017 1801 1102 1885 quia,
1118 1813 1154 1866 ut
1169 1803 1213 1867 ait
1232 1804 1297 1879 ille,

604 1915 696 1968 Rebus
705 1915 732 1967 in
744 1915 859 1968 adramis
870 1915 948 1968 facile
961 1921 1002 1969 est
1013 1922 1178 1971 contemnere
1190 1921 1280 1985 vitam,

673 2000 779 2054 Fortius
789 2001 835 2054 ille
845 2000 910 2054 facit
921 2003 966 2072 qui
976 2004 1053 2056 miser
1064 2021 1123 2056 esse
1133 2010 1229 2076 potest.

500 2109 606 2170 Nemo
620 2128 729 2169 eorum
745 2107 800 2190 qui
817 2117 950 2170 mortem
972 2117 1148 2192 provocant
1173 2110 1368 2175 excusabilis
1394 2122 1450 2176 est.

500 2207 763 2272 Excusabiliores
796 2220 882 2284 sunt,
917 2209 973 2293 qui
1015 2209 1234 2274 imminentem
1272 2213 1451 2278 abhorrent.

500 2313 581 2386 Quis
601 2313 686 2375 enim
707 2312 860 2394 cognovit
880 2312 1048 2376 consilium
1071 2313 1213 2388 Domini,
1229 2323 1263 2378 et
1287 2335 1327 2378 an
1351 2319 1453 2399 possit

500 2425 636 2480 mortem
662 2415 904 2498 impendentem
928 2435 1118 2500 quacunque
1142 2416 1263 2480 ratione
1288 2416 1449 2497 effugere?

500 2515 736 2579 sandrococtus
773 2537 793 2578 a
820 2536 894 2597 rege
932 2515 1115 2579 Alexandro
1160 2517 1299 2581 interfici
1329 2518 1450 2602 jussus,

499 2619 633 2683 salutem
660 2616 822 2680 celeritate
847 2616 968 2699 pedum
996 2617 1151 2699 quaesivit.
1210 2620 1266 2682 Ex
1291 2640 1356 2702 qua
1378 2620 1450 2684 fati-

500 2720 628 2803 gatione
643 2740 742 2805 quum
758 2738 870 2782 somno
885 2727 1000 2802 captus
1016 2715 1152 2803 jaceret,
1168 2721 1221 2783 leo
1235 2719 1374 2802 ingentis
1389 2721 1450 2785 for-

497 2847 569 2898 mae,
593 2823 634 2886 ad
662 2822 871 2886 dormientem
892 2820 1038 2897 accessit,
1063 2821 1275 2907 sudoremque
1300 2824 1450 2887 fluentem

498 2928 609 3010 lingua
623 2924 654 2989 ei
668 2924 809 3001 detersit,
829 2933 862 2988 et
886 2923 1006 2986 blande
1029 2924 1288 3007 expergefactum
1313 2926 1450 3010 reliquit.

499 3031 574 3093 Hoc
589 3027 747 3112 prodigio,
757 3027 894 3110 primum
910 3025 951 3088 ad
967 3046 1058 3108 spem
1072 3027 1172 3108 regni,
1188 3028 1355 3111 majestate
1371 3029 1450 3091 omi·

498 3132 549 3195 nis
563 3132 721 3213 impulsus
740 3140 799 3193 est.
843 3128 992 3192 Molienti
1019 3129 1135 3193 deinde
1155 3131 1275 3193 bellum
1299 3130 1451 3194 adversus

498 3234 668 3318 praefectos
697 3229 884 3306 Alexandri,
912 3231 1102 3314 elephantus
1127 3231 1261 3297 infinitae
1290 3233 1450 3313 magnitu-

497 3334 583 3399 dinis
598 3337 681 3397 ultro
697 3354 731 3397 se
746 3332 873 3405 obtulit,
889 3345 921 3395 et
936 3334 1035 3396 veluti
1049 3332 1170 3397 domita
1193 3334 1449 3408 mansuetudine,

499 3457 573 3499 eum
588 3445 678 3515 tergo
693 3433 847 3516 suscepit,
862 3431 994 3517 duxque
1015 3435 1103 3508 belli,
1120 3443 1152 3498 et
1177 3434 1335 3519 praeliator
1359 3446 1447 3520 post·

496 3536 629 3602 modum
652 3532 786 3616 insignis
808 3531 925 3596 extitit.
970 3531 1173 3598 Andronicus
1195 3554 1335 3618 quoque,
1358 3534 1449 3603 dam-

496 3651 591 3706 natus
612 3639 655 3705 ad
676 3636 805 3716 bestias,
827 3656 925 3718 quum
948 3636 1034 3699 leoni
1057 3637 1203 3721 objectus
1223 3648 1318 3711 esset,
1340 3638 1451 3721 quiet

496 3740 688 3806 vastitudine
718 3737 868 3823 corporis,
892 3745 925 3800 et
945 3736 1069 3821 impetu
1099 3737 1231 3801 ferroris
1258 3738 1448 3823 fremituque

496 3844 645 3921 terrifico,
672 3863 788 3907 sonoro
819 3862 949 3925 quoque
980 3848 1067 3918 tono,
1093 3842 1258 3925 comisque
1289 3842 1448 3905 cervicum

497 3946 738 4024 fluctuantibus,
753 3944 878 4008 animos
893 3942 1035 4006 omnium
1059 3944 1235 4026 oculosque
1255 3942 1290 4005 in
1312 3965 1347 4007 se
1370 3965 1447 4007 con·

496 4056 638 4122 verteret,
651 4048 773 4109 illaesus
795 4046 907 4122 evasit,
923 4066 961 4107 eo
985 4044 1071 4128 quod
1094 4045 1150 4107 ubi
1171 4066 1243 4107 cum
1266 4046 1318 4107 leo
1337 4043 1449 4128 procul
1549 4106 1553 4123 ,

497 4142 636 4230 aspexit,
643 4145 871 4226 repentequasi
881 4145 1042 4208 admirans
1052 4145 1148 4219 stetit,
1156 4166 1193 4209 ac
1204 4144 1321 4209 deinde
1329 4146 1448 4209 sensim

497 4263 529 4315 et
550 4247 643 4335 quasi
660 4243 869 4333 jocabundus
894 4244 1023 4329 placide
1048 4249 1184 4311 accessit
1209 4247 1250 4311 ad
1274 4247 1447 4335 hominem.

497 4352 581 4415 Tum
605 4348 741 4413 caudam
767 4368 853 4411 more
885 4357 981 4429 atque
1007 4346 1068 4411 ritu
1092 4348 1292 4412 adulantium
1320 4368 1448 4426 canum,

497 4455 670 4517 clementer
695 4461 727 4515 et
750 4450 868 4515 blande
894 4450 1002 4525 movit,
1029 4449 1232 4534 hominisque
1259 4470 1293 4513 se
1321 4449 1449 4533 corpori
