3575 5575
468 731 527 793 lau
738 743 875 788 JOANNIS
891 740 1169 787 saansaanraasrs
1281 721 1366 802 [cra.
1382 741 1419 785 11.

469 915 527 960 uec
543 893 699 960 sideribus
717 915 823 958 rerum
843 892 1036 978 pollicentur
1049 892 1194 969 effectus,
1215 913 1274 955 nec
1293 914 1347 956 eas
1367 915 1423 956 ne.-

468 995 607 1060 cessitati
620 995 688 1080 lege
698 992 913 1079 dispositionis
925 991 1177 1080 astringunt,sed
1189 994 1268 1078 quia
1278 1004 1423 1059 venturas

470 1110 556 1174 sunt,
572 1097 729 1182 certisque
744 1095 998 1182 pronunciantur
1019 1095 1157 1174 indiciis,
1171 1094 1345 1180 praedicere
1359 1117 1424 1158 non

469 1210 630 1265 verentur.
691 1198 753 1261 Sed
784 1197 809 1262 si
837 1197 1021 1261 futurorum
1051 1209 1157 1282 potest
1184 1196 1265 1260 ordo
1293 1196 1423 1274 mutari,

469 1301 670 1362 temerarium
686 1310 733 1362 est
748 1321 814 1362 rem
830 1297 879 1362 aui
894 1311 1009 1362 natura
1020 1298 1182 1376 incertam,
1193 1308 1281 1361 certo
1288 1296 1424 1360 diffinire

464 1400 599 1486 judicio.
642 1400 697 1463 Sin
713 1412 819 1464 autem
835 1398 954 1463 mutari
976 1421 1038 1462 nou
1061 1411 1178 1483 potest,
1193 1397 1270 1483 quid
1293 1399 1423 1484 prodest

468 1514 557 1566 tanta
571 1499 753 1565 curiositate
769 1500 916 1580 scrutari,
931 1499 1017 1584 quod
1035 1500 1123 1563 nulla
1138 1512 1244 1586 potest
1256 1497 1422 1584 diligentia

468 1601 644 1666 declinari?
668 1602 731 1667 Sed
747 1601 830 1666 forte
845 1601 905 1665 etsi
920 1601 1013 1665 aliter
1028 1625 1096 1667 esse
1111 1601 1223 1686 possit,
1240 1625 1290 1666 res
1304 1602 1424 1665 incerta

468 1717 605 1782 nonest,
621 1703 896 1788 temeritatemque
913 1703 1028 1788 judicii
1043 1715 1177 1767 excusat
1199 1703 1281 1766 ratio
1293 1702 1423 1767 indubi-

468 1817 537 1870 tata
558 1804 733 1889 signorum.
778 1803 869 1866 Licet
897 1803 979 1866 enim
1004 1805 1046 1868 sit
1068 1803 1221 1888 possibile
1243 1823 1309 1866 rem
1331 1801 1424 1867 aliter

468 1927 546 1978 esse,
563 1925 631 1967 eam
644 1915 750 1968 tamen
761 1903 807 1966 ita
822 1902 965 1966 futuram
978 1925 1055 1979 esse,
1065 1902 1234 1967 manifesta
1244 1903 1423 1988 signaprae-

468 2009 631 2070 nunciant.
687 2005 755 2067 Nec
784 2025 865 2081 mea,
893 2003 1001 2090 inquit
1030 1999 1191 2069 astrorum
1222 2005 1422 2080 secretarius,

468 2107 610 2185 interest,
625 2128 665 2168 an
681 2105 774 2169 aliter
791 2127 857 2168 esse
878 2105 992 2188 possit,
1012 2106 1090 2169 dum
1109 2105 1143 2170 id
1163 2105 1204 2168 de
1223 2129 1289 2191 quo
1303 2105 1422 2190 agitur,

469 2214 515 2274 ita
529 2208 674 2272 futurum
691 2224 836 2270 essenon
852 2205 1007 2272 dubitem.
1055 2207 1118 2270 Sed
1131 2229 1277 2293 quaenam
1292 2220 1339 2271 est
1355 2207 1423 2271 baec

468 2307 628 2373 certitudo
650 2309 838 2390 signorum?
869 2305 995 2392 Nempe
1018 2327 1125 2370 rerum
1155 2306 1346 2393 plerumque
1367 2331 1422 2372 ex·

471 2409 683 2495 perimentum
713 2402 822 2483 fallax,
856 2407 1017 2492 judicium
1048 2407 1187 2482 difficile,
1216 2409 1424 2494 ipsorumque

470 2511 630 2594 signorum
654 2507 742 2572 varia
764 2520 811 2571 est
833 2521 863 2573 et
888 2508 1056 2595 multiplex
1079 2509 1276 2592 significatio.
1323 2513 1426 2574 Porro

469 2613 606 2678 varietas
627 2611 873 2697 ambiguitatem
903 2611 1050 2677 inducit:
1081 2612 1113 2675 in
1136 2611 1296 2697 ambiguis
1316 2623 1424 2676 autem

468 2715 571 2780 omnis
592 2713 740 2778 diffinitio
761 2713 940 2800 periculosa
954 2726 1012 2779 est.
1059 2713 1121 2777 Sed
1142 2725 1211 2778 esto
1231 2712 1319 2800 quod
1335 2713 1425 2799 signa

469 2816 640 2883 uniformia
663 2817 737 2894 sint,
760 2816 847 2880 unde
869 2816 924 2880 illa
947 2838 1011 2881 una
1034 2816 1223 2901 significatio
1244 2818 1425 2896 innotescit,

469 2930 526 2983 aut
541 2916 621 3003 quid
636 2917 785 3003 perhibet
799 2938 868 2980 eam
884 2938 954 2980 esse
971 2918 1108 2981 falsam?
1131 2922 1269 2997 Natura,
1292 2920 1425 3005 inquis?

471 3020 573 3083 lllane
588 3036 662 3103 quoe
677 3017 708 3082 in
725 3018 832 3096 rebus,
847 3040 887 3082 an
911 3042 986 3105 quae
1000 3020 1033 3083 in
1045 3019 1156 3083 diviua
1166 3020 1336 3096 voluntati,
1353 3043 1427 3085 con-

470 3118 578 3186 sistit?
602 3120 714 3202 Porro,
729 3120 846 3185 divinae
869 3144 933 3185 nou
954 3120 1113 3207 obloquor
1135 3120 1306 3198 voluntati,
1324 3126 1426 3187 sciens

469 3225 546 3309 quia
575 3221 691 3299 omnia,
721 3244 935 3308 quaecumque
965 3223 1080 3300 voluit,
1110 3224 1196 3287 fecit.
1241 3223 1275 3288 Si
1301 3245 1338 3287 ea
1367 3224 1426 3289 tibi

469 3323 621 3404 innotuit,
632 3324 712 3387 bene
728 3334 786 3390 est.
830 3329 926 3391 Potes
941 3326 1055 3412 utique
1068 3326 1102 3389 in
1115 3325 1234 3389 lumine
1249 3324 1304 3389 illo
1318 3324 1427 3391 videre

469 3424 588 3505 lumen,
603 3438 635 3490 et
651 3446 726 3488 vera
746 3426 929 3491 indubitata
949 3427 989 3491 de
1005 3427 1088 3491 libro
1107 3427 1261 3513 proferre,
1283 3428 1340 3513 qui
1355 3427 1425 3493 aliis

469 3528 623 3615 signatus,
637 3526 697 3591 tibi
707 3540 836 3613 apertus
846 3540 905 3605 est,
921 3528 953 3593 iu
969 3553 1035 3617 quo
1050 3544 1125 3595 sunt
1136 3553 1245 3597 omnes
1260 3532 1423 3619 sapientire

469 3644 501 3696 et
517 3629 655 3697 scientiae
673 3630 813 3695 thesauri
833 3632 1023 3710 absconditi,
1046 3656 1142 3720 quem
1165 3637 1283 3701 nemini
1304 3638 1426 3723 aperire

468 3734 590 3799 licitum
614 3757 680 3799 esse
703 3733 877 3810 audieram,
901 3735 959 3798 nisi
982 3758 1066 3819 agno
1089 3737 1145 3821 qui
1168 3739 1292 3804 occisus
1313 3752 1371 3820 est,
1392 3752 1426 3804 et

469 3847 603 3899 mortem
625 3835 745 3900 virtute
765 3836 896 3922 propria
916 3840 1087 3902 interemit.
1132 3839 1208 3903 Noli
1223 3840 1337 3904 amodo
1351 3863 1424 3904 cum
1479 3916 1482 3920 ,

470 3934 625 4019 Apostolo
648 3937 755 4000 mirari
778 3938 980 4002 altitudinem
1003 3939 1187 4003 divitiarum
1211 3942 1373 4025 sapientiae
1392 3952 1425 4004 et

471 4032 611 4098 scientiae
625 4035 700 4115 Dei,
714 4059 813 4120 quum
831 4038 890 4102 tibi
908 4039 1203 4124 comprehensibilia
1222 4040 1284 4104 sint
1300 4039 1426 4125 judicia

468 4137 550 4222 ejus,
580 4146 612 4199 et
642 4148 798 4200 astrorum
830 4139 951 4204 ducatu
982 4138 1242 4226 pervestigabiles
1272 4140 1320 4204 vis
1344 4142 1424 4226 ejus,

468 4236 593 4323 tibique
615 4234 770 4302 vadabilis
792 4238 832 4303 sit
849 4240 1044 4325 judiciorum
1066 4240 1136 4323 ejus
1157 4239 1292 4325 abyssus
1313 4240 1426 4305 multa.

470 4340 503 4405 Si
521 4341 561 4405 de
576 4362 613 4404 ea
627 4350 741 4405 natura
756 4340 866 4407 niteris
880 4366 956 4429 quae
970 4345 1002 4407 in
1018 4342 1124 4419 rebus,
1140 4342 1173 4407 id
1189 4355 1249 4419 est,
1265 4344 1427 4430 frequenti
