3575 5575
491 863 554 922 320
761 876 898 922 scaurus
913 876 1188 924 ssasssanrnusrs
1312 863 1395 937 [em.
1411 881 1439 924 v.

489 1028 739 1105 fidem,adrcrsa
752 1030 899 1114 probatio
914 1051 1115 1114 nequaquam
1130 1042 1306 1095 evacuaret
1341 1033 1440 1097 Unde

488 1137 521 1195 et
531 1131 574 1192 D.
583 1130 743 1195 Adrianus
754 1133 923 1215 rescripsit,
934 1131 1113 1217 judicantis
1124 1132 1261 1197 dilatans
1274 1134 1305 1196 in
1316 1135 1438 1197 exami-

487 1229 617 1292 natione
628 1231 755 1294 testinm
770 1231 955 1296 facultatem
967 1255 976 1309 3
999 1241 1031 1294 et
1040 1233 1137 1294 verba
1151 1231 1283 1316 quidem
1298 1235 1439 1317 epistolar

487 1342 561 1394 sunt
575 1331 666 1395 hmo:
693 1332 746 1394 Tu
760 1333 863 1414 magis
873 1333 955 1397 scire
966 1343 1058 1417 potes
1069 1343 1186 1417 quanta
1197 1333 1279 1398 fides
1290 1335 1440 1398 habenda

487 1435 530 1498 sit
539 1436 685 1512 testibus,
696 1435 753 1519 qui
767 1434 861 1519 cujus
876 1435 1054 1516 dignitatis,
1064 1446 1095 1498 ot
1111 1435 1205 1520 cujus
1221 1437 1438 1500 aestimationis

487 1537 562 1615 sint,
583 1547 615 1600 et
636 1537 692 1620 qui
710 1536 897 1620 simpliciter
916 1537 976 1600 visi
996 1537 1060 1600 sint
1079 1535 1195 1611 dicere,
1215 1547 1319 1600 utrum
1339 1558 1437 1601 unum

487 1637 688 1721 eundemque
704 1658 882 1702 sermonem
898 1635 1084 1700 meditatum
1100 1638 1272 1716 attulerint,
1287 1659 1327 1702 an
1343 1639 1385 1702 ad
1400 1661 1439 1702 ea

488 1762 560 1825 quae
574 1739 825 1823 interrogaveris,
846 1760 889 1802 cx
911 1748 1052 1823 tempore
1076 1739 1286 1803 verisimiliter
1307 1760 1438 1823 respon-

487 1843 597 1907 derint
645 1842 725 1913 Quae
747 1851 941 1923 argumenta,
965 1851 998 1903 ct
1019 1840 1300 1925 quemadmodum,
1322 1842 1438 1925 cuique

486 1946 534 2008 rei
555 1942 731 2026 probandae
753 1941 924 2018 sufficiant,
946 1944 1034 2006 nullo
1057 1956 1144 2006 certo
1164 1942 1259 2006 modo
1281 1943 1357 2006 satis
1377 1943 1436 2006 dil-

487 2044 572 2107 finiri
593 2052 708 2126 potest.
754 2042 842 2105 Alias
863 2062 1015 2106 numerus
1038 2042 1177 2119 testium,
1196 2042 1275 2105 elias
1301 2041 1438 2124 dignitas

487 2153 520 2208 ct
534 2143 716 2219 auctoritas,
730 2142 809 2205 alias
828 2143 925 2204 veluti
941 2143 1145 2205 consentiens
1164 2141 1249 2205 fama
1271 2143 1440 2208 confirmat

486 2247 543 2322 rei,
565 2245 606 2308 de
628 2265 692 2326 qua
714 2243 865 2326 quaeritur
886 2241 993 2306 fidem.
1039 2243 1115 2307 Hoc
1137 2243 1234 2324 igitur
1255 2246 1358 2306 solum
1380 2246 1438 2310 tibi

486 2346 679 2432 respondere
689 2345 810 2428 possim
822 2345 1086 2421 summatim,non
1094 2345 1205 2428 utique
1215 2341 1437 2428 adunamspe-

489 2451 585 2527 ciem,
598 2447 795 2532 probationis
811 2447 1026 2528 cognitionem
1043 2447 1147 2511 statim
1164 2447 1296 2529 allegari
1310 2446 1439 2524 debere,

488 2551 546 2616 sed
561 2571 604 2613 cx
619 2548 778 2612 sententia
792 2547 891 2610 animi
906 2548 962 2620 tui,
973 2557 1005 2610 te
1022 2547 1177 2611 aestimare
1192 2559 1348 2630 oportere,
1360 2549 1438 2634 quid

487 2661 543 2717 aut
564 2649 686 2728 credas,
708 2659 764 2712 aut
782 2669 896 2729 parum
915 2649 1084 2731 probatum
1105 2647 1166 2711 tibi
1188 2648 1336 2730 opineris.
1379 2652 1435 2714 Ju-

488 2753 556 2818 dici
580 2771 655 2815 vero
681 2749 851 2834 plurimum
876 2750 964 2827 licet,
989 2749 1067 2813 dum
1093 2748 1126 2811 in
1150 2747 1299 2813 omnibus
1325 2752 1439 2816 serviat

488 2854 622 2930 veritati,
637 2872 734 2934 quam
749 2850 776 2913 si
793 2852 843 2931 (ut
864 2852 956 2929 solet)
977 2850 1065 2933 apud
1082 2849 1246 2933 improbos
1266 2853 1439 2935 periclitari

489 2952 684 3035 cognoverit,
701 2950 743 3013 ad
758 2950 989 3032 professionem
1012 2950 1082 3035 ejus
1104 2951 1161 3035 qui
1182 2954 1353 3017 necessarii
1370 2954 1440 3017 fue·

487 3055 562 3131 rint,
580 3049 736 3126 evocabit,
751 3060 782 3112 et
806 3050 848 3114 ad
868 3050 1083 3135 testimonium
1111 3052 1284 3134 compellet
1303 3052 1436 3118 invitos:

486 3154 538 3217 his
562 3163 667 3216 tameo
696 3150 853 3234 exceptis,
876 3172 957 3234 quos
981 3142 1133 3215 adversus
1158 3163 1261 3215 certas
1286 3174 1439 3237 personas

488 3253 653 3319 testificari
663 3252 736 3335 jura
751 3272 817 3316 non
832 3265 962 3335 cogunt.

487 3442 569 3524 Cap.
584 3445 633 3502 15.
656 3440 1182 3522 Quaepertineantudrela'yioucm
1193 3445 1440 3527 Procooaulum,

525 3541 717 3627 presidum,
737 3548 771 3603 et
791 3542 1032 3607 ordinariorum
1047 3542 1214 3626 judicum,
1228 3554 1260 3609 ct
1279 3557 1441 3632 quatenus

528 3645 630 3707 xenia
642 3641 798 3725 protendi
812 3642 935 3714 liceum
958 3650 991 3706 et
1005 3644 1045 3706 de
1062 3645 1230 3726 Cicerone,
1251 3647 1438 3729 Beruordo,

529 3746 691 3818 Mortino,
710 3744 874 3827 &aufrido
890 3745 1092 3809 Cornotensi.

530 3881 708 3943 Puarruur
723 3888 828 3943 autem
844 3880 886 3945 ad
900 3880 1085 3963 religionem
1101 3883 1257 3966 praesidis,
1272 3883 1437 3967 providere

487 4007 529 4048 ne
553 3982 748 4065 potentiores
772 3983 834 4046 viri
858 3985 984 4069 injuriis
1010 3986 1152 4050 afficiant
1174 3986 1371 4064 humiliores
1396 4007 1438 4049 ne

488 4085 673 4149 defensores
691 4105 800 4148 eorum
820 4087 1028 4150 calumniosis
1043 4088 1228 4151 criminibus
1243 4088 1438 4151 insectentur

490 4188 690 4250 innocentes.
728 4182 979 4270 Prohibebitque
994 4190 1099 4253 illatas
1113 4190 1309 4268 exactiones
1325 4199 1358 4251 et
1372 4190 1438 4252 vio·

487 4286 603 4353 lentius
625 4285 737 4364 lactas,
757 4296 789 4349 et
811 4297 953 4352 extortas
972 4302 1060 4353 metu
1080 4290 1294 4367 venditiones,
1309 4300 1341 4354 et
1362 4312 1437 4356 cau·

488 4392 604 4463 tiones,
627 4389 677 4452 vel
700 4390 769 4451 sinc
792 4390 887 4472 pretii
909 4393 1138 4471 numeratione,
1160 4414 1202 4455 ne
1225 4402 1257 4456 et
1277 4394 1346 4476 ipse
1364 4413 1436 4475 pro-

489 4490 626 4553 vinciam
651 4488 685 4551 in
711 4489 894 4572 prebendis
917 4490 1065 4573 hospitiis
1091 4502 1212 4571 oneret,
1234 4490 1372 4578 denique
1398 4512 1439 4555 ne
