3575 5575
339 819 411 866 car.
428 801 560 881 xxv111.]
708 815 963 863 eonrcnarrcus.
1228 801 1287 862 153

232 981 235 996 ’
337 969 426 1034 mino
441 969 641 1053 probibente,
656 981 803 1031 exercent
827 965 928 1048 impii,
943 964 1021 1050 quid
1044 964 1130 1028 aliud
1156 964 1288 1044 faciunt,

340 1093 435 1154 quam
473 1069 654 1132 calcaneum
691 1069 812 1152 erigere
849 1068 1000 1131 adversus
1045 1067 1290 1150 prohibentem?

342 1172 437 1235 Certe
453 1171 545 1234 nimis
559 1183 606 1234 est
621 1169 706 1256 quod
723 1169 875 1248 immolat,
887 1169 943 1254 qui
955 1169 1056 1255 ejecto
1066 1170 1188 1255 Spiritu
1201 1193 1291 1235 sanc-

339 1284 385 1352 to,
400 1271 586 1336 idololatriae
602 1283 737 1336 mentem
760 1271 935 1355 prostituit.
980 1271 1122 1335 Nimium
1139 1271 1291 1356 estquod

341 1372 496 1447 immolat,
507 1375 563 1456 qui
574 1373 710 1455 pollutas
716 1395 808 1434 aures
818 1371 1047 1435 daemouiorum
1057 1371 1205 1437 sollicitat
1216 1396 1292 1436 voce

343 1469 483 1535 Domino
497 1483 689 1534 consecrata.
735 1467 878 1532 Nimium
895 1485 943 1532 est
961 1470 1046 1552 quod
1066 1470 1221 1550 immolat,
1237 1475 1292 1555 qui

343 1584 464 1634 motum
477 1573 617 1656 corporis
628 1570 844 1633 accommodat
854 1569 893 1632 ad
901 1569 1089 1632 detestabile
1095 1572 1293 1655 sacrilegium

345 1670 573 1756 peragendum.
607 1668 694 1744 Quid
707 1669 837 1732 retinuit
850 1671 993 1745 creatori,
1004 1668 1061 1753 qui
1077 1683 1225 1746 mentem,
1237 1671 1295 1735 liu-

346 1795 456 1854 guam,
472 1793 598 1855 corpus,
622 1769 820 1832 daemonibus
842 1769 984 1833 obtulit?
1009 1772 1061 1832 An
1085 1793 1146 1833 non
1170 1772 1295 1839 veritati

347 1872 421 1936 fecit
437 1871 596 1957 injuriam,
613 1871 671 1955 qui
693 1871 908 1954 integritatem
924 1873 992 1956 ejus
1006 1871 1038 1933 in
1063 1885 1151 1936 tanta
1165 1896 1296 1960 corrup·

347 1973 431 2037 tione
446 1971 621 2057 quaesivit?
646 1970 744 2036 Plane
768 1993 860 2034 nemo
879 1973 913 2034 in
930 1971 1050 2036 talibus
1071 1995 1127 2058 per
1148 1974 1297 2058 ignoran-

348 2073 424 2138 tiam
454 2085 638 2137 excusatur.
682 2074 801 2136 Omnes
823 2073 906 2136 enim
928 2075 960 2136 iu
983 2095 1151 2138 commuue
1179 2076 1295 2154 sciunt,

347 2187 405 2238 aut
420 2175 499 2237 scire
520 2173 649 2250 debent,
673 2174 753 2237 hanc
768 2173 973 2258 ignominiam
992 2174 1065 2239 fidei
1087 2177 1297 2244 anathematis

347 2274 520 2360 opprobrio
535 2274 785 2340 condemnatam.
810 2276 881 2338 Non
901 2276 1012 2360 utique
1037 2276 1087 2339 bic
1102 2294 1298 2344 sacramento

349 2377 437 2439 miles
466 2375 636 2461 excipitur,
665 2376 809 2462 pupillus
839 2390 943 2455 aetate,
973 2378 1087 2441 mulier
1115 2380 1299 2446 infirmitate

350 2477 621 2552 sexus,'rusticus
655 2497 785 2540 munere
819 2478 1034 2562 agriculturae,
1068 2503 1133 2566 qua
1162 2483 1300 2567 publicae

351 2577 483 2642 utilitati
504 2576 659 2660 invigilat.
705 2577 798 2640 Licet
820 2575 903 2639 enim
926 2580 959 2640 in
985 2577 1160 2663 dispendiis
1181 2603 1299 2658 rerum,

350 2675 557 2741 subveniatur
571 2677 616 2739 eis
632 2699 687 2760 per
705 2677 917 2759 ignorantiam
933 2677 1027 2760 juris,
1045 2679 1075 2740 in
1099 2679 1302 2745 subversione

352 2791 456 2841 tamen
486 2776 561 2839 fidei
591 2775 715 2839 nullum
744 2776 785 2838 ab
813 2775 993 2859 ignorantia
1029 2777 1204 2843 remedium
1233 2797 1301 2847 est:

352 2878 517 2941 obtinente
532 2900 569 2939 eo
584 2876 691 2961 utqui
712 2878 837 2961 ignorat
860 2873 1034 2960 ignoretur,
1052 2893 1083 2942 et
1106 2878 1256 2965 insipiens
1271 2884 1303 2946 in

355 2978 460 3064 culpa,
475 2977 641 3041 erudiatur
655 2977 687 3040 in
703 3000 809 3063 poena,
830 2991 862 3041 et
884 2981 1041 3063 sapienter
1060 2984 1226 3065 puniatur,
1247 2986 1304 3070 qui

352 3079 456 3143 noluit
472 3078 648 3163 intelligere
669 3092 707 3143 ut
723 3078 802 3141 bene
825 3092 944 3163 ageret.
988 3084 1071 3154 Quis
1092 3083 1175 3146 enim
1198 3087 1305 3169 potuit

353 3178 483 3257 discere,
497 3194 532 3244 ut
541 3178 606 3243 sine
619 3179 725 3243 labore
734 3192 852 3243 atanto
863 3179 972 3244 labore
982 3184 1211 3260 cessaret,dum
1225 3185 1305 3249 illud

354 3280 509 3345 laboriose
521 3279 696 3344 addisceret
713 3293 748 3343 ut
765 3279 920 3344 laboriose
929 3294 961 3345 et
974 3282 1157 3367 pestilenter
1167 3291 1306 3352 erraret?

356 3384 431 3445 Non
448 3392 552 3464 potest
568 3379 599 3442 iu
621 3379 685 3443 fide
708 3382 774 3444 siue
789 3380 897 3444 labore
918 3381 1090 3466 quiescere,
1114 3386 1171 3469 qui
1195 3399 1308 3470 potens

355 3494 403 3545 est
433 3482 643 3546 sollicitudine
666 3483 782 3548 mentis
803 3499 835 3548 et
864 3483 1016 3547 exercitio
1036 3488 1179 3572 corporis
1204 3511 1223 3551 a
1244 3488 1308 3552 fide

356 3581 506 3645 deviare?
519 3582 583 3654 Qui
595 3585 677 3645 enim
690 3582 739 3645 his
750 3582 1049 3668 nugisobsequitur,
1060 3585 1155 3651 fidem
1168 3590 1309 3671 negavit,

357 3696 389 3747 et
401 3682 518 3745 infideli
527 3682 664 3745 deterior
675 3696 739 3756 cst3
756 3696 788 3746 et
800 3682 983 3747 licetrerbis
994 3686 1098 3748 Deum
1110 3686 1311 3768 confiteatur,

357 3784 386 3847 ei
409 3783 565 3869 perversis
594 3782 743 3867 operibus
773 3782 974 3847 contradicit.
1020 3787 1088 3848 Nec
1110 3783 1235 3850 facilius
1262 3801 1310 3852 est

359 3884 518 3947 hominem
542 3884 726 3969 hujusmodi
749 3906 815 3947 esse
829 3883 969 3962 fidelem,
989 3906 1083 3970 quam
1103 3887 1244 3970 judicem
1265 3888 1312 3951 in-

359 3999 559 4072 corruptum,
581 3985 638 4071 qui
664 3984 770 4069 diligit
790 4007 932 4064 munera,
952 3998 983 4050 et
1003 3986 1149 4071 sequitur
1175 3989 1312 4052 retribu-

362 4087 473 4151 tiones.
519 4088 679 4151 Caeterum
703 4086 788 4171 quod
813 4086 1043 4172 simpliciorum
1061 4091 1182 4151 animos
1197 4104 1313 4170 movet,

362 4186 479 4251 scilicet
489 4208 546 4271 per
558 4188 740 4272 hujusmodi
752 4187 1014 4253 consultationem
1024 4190 1210 4254 abscondita
1225 4191 1313 4255 futu-

363 4306 469 4347 rorum
486 4287 679 4352 manifestari
700 4310 761 4350 uon
779 4312 879 4374 posse,
901 4290 958 4351 nisi
981 4314 1038 4375 per
1053 4314 1180 4353 manum
1197 4293 1267 4376 ejus
1281 4295 1313 4356 in

362 4386 453 4469 cujus
468 4397 623 4469 potestate
640 4402 713 4452 suut
729 4402 871 4471 tempora
887 4400 918 4452 et
932 4405 1099 4467 momenta,
1116 4391 1235 4454 nodum
1251 4413 1314 4457 uon
