3575 5575
514 798 574 860 190
766 811 1201 860 soann1ssannsnunrnns1s
1316 791 1398 871 [arn.
1416 812 1467 856 111.

513 967 666 1051 Scipione
682 967 833 1031 Africano
848 965 972 1050 aliquid
992 985 1057 1030 non
1073 962 1206 1028 inferius
1221 961 1394 1039 invenitur,
1410 962 1466 1045 qui

509 1077 583 1151 post
606 1066 799 1148 singularem
823 1067 863 1131 de
885 1067 1070 1130 Hannibale
1093 1064 1269 1142 victoriam,
1291 1063 1462 1145 singularis

509 1167 716 1232 continentiae
741 1169 866 1251 insigne
890 1167 1086 1252 praeconium
1113 1165 1237 1228 meruit.
1293 1163 1460 1228 Hannibal

508 1291 647 1354 namque
661 1271 879 1333 Romanorum
900 1268 1017 1334 cecidit
1037 1268 1212 1332 exercitum
1228 1288 1331 1350 nsque
1346 1266 1387 1329 ad
1403 1265 1461 1328 ho-

508 1372 602 1434 stium
625 1371 813 1448 satietatem,
833 1381 865 1434 et
887 1371 991 1434 donec
1011 1369 1202 1453 praeciperet
1221 1369 1314 1433 militi
1334 1387 1403 1442 suo,
1422 1377 1459 1430 ut

507 1474 558 1536 rel
571 1474 654 1535 ferro
673 1482 828 1554 parceret.
872 1473 924 1535 De
945 1493 1101 1535 caesorum
1123 1470 1330 1535 cadaveribus
1345 1470 1379 1532 in
1394 1479 1459 1533 tor·

506 1581 595 1637 rente
609 1575 758 1656 Vergello
777 1595 860 1658 pons
881 1573 1004 1637 solidus
1023 1574 1127 1638 sactus
1146 1583 1195 1636 est
1209 1573 1336 1637 victoris
1352 1571 1458 1656 jussu.

505 1674 581 1738 Duo
596 1675 695 1738 modii
710 1677 902 1740 annulorum
918 1673 1146 1756 Carthaginem
1168 1672 1255 1736 missi
1272 1683 1354 1751 sunt,
1368 1671 1457 1735 unde

504 1777 642 1840 Martem
673 1799 765 1841 suurn
796 1777 909 1861 Libyae
939 1775 1106 1860 praesidem
1138 1796 1233 1839 aureo
1262 1776 1389 1858 clypeo,
1414 1775 1456 1836 ob

504 1876 661 1959 insignem
681 1876 859 1951 vintoniam,
880 1876 1059 1953 honoraret,
1075 1885 1222 1959 essetque
1244 1873 1457 1959 proculdubio

504 1985 581 2040 tunc
610 1979 717 2042 Roma
746 1978 831 2041 diem
861 1977 1010 2040 ultimum
1039 1976 1198 2054 habitura,
1222 1976 1248 2038 si
1278 1975 1455 2052 Hannibal,

504 2078 772 2162 quemadmodum
787 2080 925 2156 vincere,
940 2079 986 2142 sic
1002 2088 1035 2143 et
1050 2079 1181 2142 victoria
1196 2077 1241 2141 uti
1265 2078 1369 2143 sciret.
1414 2079 1454 2140 In

502 2178 677 2243 vindictam
699 2179 831 2243 istorum
853 2201 873 2242 a
894 2190 1008 2243 senatu
1029 2179 1146 2242 missus
1169 2189 1217 2242 est
1240 2179 1349 2260 Scipio
1372 2179 1453 2242 Asri·

502 2301 614 2356 canus,
626 2280 682 2365 qui
693 2302 713 2344 a
723 2282 877 2363 Pyreneis
887 2282 1050 2345 montibus
1062 2281 1102 2344 ad
1114 2282 1280 2344 columnas
1292 2281 1454 2359 Herculis,

501 2390 534 2445 et
555 2385 721 2447 Oceanum
739 2404 840 2467 usque
860 2393 951 2447 tanta
973 2383 1126 2447 felicitate
1143 2383 1341 2465 provinciam
1361 2403 1453 2446 recu·

500 2484 624 2568 paravit
654 2484 814 2558 amissam,
840 2485 958 2549 utrix
984 2484 1112 2562 sciatur,
1137 2484 1232 2547 citius
1261 2504 1303 2547 an
1328 2484 1453 2547 facilius

500 2585 621 2650 vicerit.
658 2586 723 2658 Qui
738 2587 832 2650 etiam
849 2586 993 2668 captivos
1005 2606 1120 2668 pueros
1136 2595 1167 2648 et
1183 2588 1304 2668 puellas
1318 2585 1451 2667 egregiae

498 2686 756 2770 pulchritudinis,
776 2687 913 2752 restituit
930 2686 1083 2764 barbaris,
1102 2707 1165 2750 nec
1186 2687 1221 2750 in
1244 2697 1451 2769 conspectum

498 2806 601 2864 suum,
616 2808 725 2851 eorum
741 2787 923 2872 quempiam
937 2787 1042 2851 venire
1057 2808 1172 2871 passus
1188 2798 1246 2865 est,
1261 2785 1394 2871 nequid
1409 2783 1450 2848 de

497 2886 687 2967 virginitatis
708 2886 1036 2969 integritate,'saltem
1059 2888 1161 2951 oculis
1183 2888 1342 2953 delibasse
1362 2887 1449 2950 vide·

496 2998 590 3051 retur.
636 2987 779 3062 Qualiter
800 2989 829 3052 ei
850 2990 1019 3053 Hannibal
1041 2989 1182 3067 cesserit,
1198 2998 1229 3052 et
1248 2988 1448 3051 manifestam

497 3086 663 3152 victoriam
677 3098 755 3153 nota
768 3089 801 3152 in
817 3092 919 3174 puppi
941 3091 1086 3173 praetoria
1104 3091 1213 3154 laurus
1230 3089 1447 3174 polliceretur,

496 3189 632 3274 scriptor
653 3190 732 3253 belli
752 3190 869 3254 Punici
890 3192 982 3255 Titus
1006 3191 1118 3255 Livius
1136 3192 1240 3256 refert.
1285 3191 1447 3256 Caeterum

493 3290 526 3352 in
541 3291 622 3354 tanti
635 3290 787 3374 triumphi
808 3292 920 3373 gloria,
935 3292 1013 3376 quid
1034 3292 1091 3355 illo
1107 3293 1175 3355 cive
1190 3292 1375 3369 modestius,
1390 3293 1447 3375 qui

494 3391 578 3454 sein
592 3401 682 3455 tanto
698 3413 860 3471 successu,
874 3414 937 3458 nec
958 3394 1134 3472 dominum,
1149 3415 1210 3458 uec
1226 3394 1387 3471 rictorem,
1402 3396 1444 3457 ab

493 3492 616 3577 aliquo;
635 3492 701 3556 nisi
710 3496 750 3556 ab
763 3495 959 3571 Hannibale,
970 3497 1146 3580 paucisque
1156 3496 1380 3580 complicibus,
1389 3495 1445 3581 qui
1469 3479 1472 3487 ¹

435 3594 443 3611 ”
492 3613 600 3678 aeques
609 3592 807 3657 conditiones
817 3595 1016 3679 pacis,rupto
1025 3595 1155 3675 foedere,
1164 3594 1443 3662 fraudulenterab-

486 3694 645 3785 jecerant,
660 3716 775 3779 passus
790 3706 838 3758 est
853 3695 1004 3760 salutari?
1038 3698 1108 3760 Eos
1124 3720 1262 3783 qnoque,
1279 3698 1335 3782 qui
1350 3698 1443 3762 casti-

453 3798 458 3809 ’
490 3798 554 3878 gati
577 3818 642 3861 non
669 3798 934 3881 obtemperabant
955 3798 1155 3882 prohibentis
1180 3800 1326 3883 imperio,
1351 3798 1443 3881 quasi

489 3898 680 3961 adulationis
695 3920 775 3977 reos,
787 3898 971 3982 et'publicae
983 3900 1096 3964 salutis
1111 3900 1232 3971 hostes,
1243 3899 1284 3962 ab
1299 3898 1443 3961 exercitu

413 4068 415 4074 ι
488 3998 642 4059 removeri
658 3997 774 4079 jussit;
800 4019 902 4081 quum
918 4008 1023 4062 tamen
1040 4020 1142 4080 genus
1159 3997 1340 4061 AEneadum
1355 3996 1440 4062 benc

489 4095 660 4157 molliciem
673 4098 795 4161 aurium
810 4098 954 4163 noudum
967 4101 1102 4177 exuerit,
1111 4100 1188 4184 quin
1200 4098 1440 4161 adulationibus
1530 4158 1539 4173 ,

488 4195 697 4273 delectentur,
741 4198 845 4273 Quum
861 4221 936 4264 vero
952 4202 992 4264 ab
1012 4188 1105 4264 initio
1120 4199 1297 4280 gravissimi
1313 4199 1439 4277 suerint,

485 4298 519 4361 iu
532 4319 596 4382 quo
605 4297 753 4381 Trojanae
763 4301 899 4365 levitatis
912 4303 1067 4399 originem
1081 4300 1242 4384 praecipue
1254 4300 1440 4377 diffitentur,

486 4422 543 4464 eos
557 4400 620 4464 boc
636 4399 711 4465 vitio
728 4402 879 4467 continue
899 4405 1075 4483 laborasse,
1087 4402 1288 4469 historiarum
1312 4404 1438 4469 celebre
