3575 5575
324 795 394 840 car.
410 778 524 858 xvim]
673 795 927 842 maronarrcns.
1237 786 1277 842 97

326 942 511 1030 simpliciter
531 947 701 1031 conjuncta
722 945 896 1032 disjungat,
911 967 973 1009 non
997 946 1099 1009 inanis
1121 947 1182 1012 erit
1202 960 1275 1010 cun-

325 1046 439 1130 ceptio,
462 1069 536 1132 quaa
559 1047 659 1111 totius
685 1046 938 1132 investigationis
959 1043 1121 1132 sapientire
1146 1047 1277 1132 expedi-

326 1146 476 1212 tissimam
490 1150 574 1233 parit
589 1149 684 1213 viam.
720 1149 785 1213 Hic
800 1160 847 1212 est
858 1147 942 1211 enim
954 1151 1053 1212 totius
1068 1147 1277 1233 philosophiae

324 1249 583 1330 instrumentum,
619 1249 705 1336 qnod
743 1262 776 1314 et
816 1262 952 1313 mentem
990 1249 1072 1314 mira
1100 1248 1277 1314 subtilitate

324 1352 463 1428 exacuit,
491 1364 524 1414 et
550 1374 599 1416 res
628 1350 770 1436 singulas
796 1374 814 1414 a
841 1373 873 1415 se
900 1350 1034 1414 invicem
1060 1363 1183 1416 naturoe
1209 1374 1276 1416 suae

323 1454 517 1540 proprietate
531 1453 712 1538 distinguit.
758 1453 791 1517 Si
806 1453 1041 1518 abstrahentem
1058 1452 1166 1518 tuleris
1186 1453 1277 1517 intel-

323 1554 454 1632 lectum,
470 1553 645 1619 liberalium
662 1554 780 1619 artium
801 1553 925 1618 officina
939 1553 1068 1640 peribit,
1084 1578 1179 1640 quum
1196 1556 1277 1620 citra

322 1655 424 1742 ipsius
452 1679 580 1743 operam
607 1657 694 1721 nulla
720 1678 827 1721 earum
854 1657 915 1721 rite
942 1656 1050 1720 haberi
1078 1657 1192 1734 valeat,
1218 1670 1275 1721 ant

322 1758 438 1823 doceri.
483 1758 548 1823 Hic
562 1759 670 1845 itaque
685 1757 766 1823 sicut
781 1759 915 1822 formam
936 1759 1001 1822 sine
1018 1758 1160 1836 materia,
1175 1760 1221 1823 sic
1241 1774 1273 1824 et

265 1885 268 1894 ’
320 1862 485 1924 materiam
507 1859 694 1945 aggreditur
717 1863 785 1925 sine
806 1860 928 1933 forma;
963 1873 993 1924 et
1017 1859 1105 1946 qnod
1133 1861 1270 1945 propriae

323 1960 453 2025 virtutis
481 1962 623 2046 potentia
654 1974 760 2025 tenere
789 1983 850 2024 non
882 1959 1009 2038 sufficit,
1041 1983 1099 2023 suo
1133 1960 1273 2047 quodam

323 2063 449 2127 defectu
466 2062 626 2127 interdum
643 2061 893 2148 comprehendit,
908 2074 945 2127 ut
961 2061 987 2124 si
1004 2059 1173 2126 videantur
1187 2075 1275 2126 tene-

322 2165 389 2230 brae
404 2186 465 2228 non
479 2164 628 2243 videndo,
639 2179 672 2228 et
688 2186 749 2228 non
765 2162 926 2227 audiendo
939 2162 1101 2227 silentium
1112 2162 1272 2229 audiatur.

323 2268 407 2331 Ecce
422 2287 485 2330 non
501 2280 548 2331 est
569 2266 664 2330 bomo
683 2269 740 2352 qui
760 2288 823 2330 non
845 2265 885 2329 sit
907 2264 1010 2341 albus,
1026 2277 1082 2329 ant
1103 2266 1203 2349 niger,
1217 2280 1274 2331 aut

322 2369 417 2433 medii
443 2368 556 2433 coloris
580 2367 755 2454 particeps,
779 2391 836 2430 nec
861 2379 967 2453 potest
994 2389 1060 2430 esse
1087 2366 1192 2443 homo,
1215 2367 1275 2453 qui

322 2492 384 2534 non
407 2472 514 2535 statim
527 2469 567 2534 sit
582 2469 698 2556 aliquis
710 2469 816 2545 bomo,
833 2491 933 2554 quum
951 2467 1033 2532 idem
1051 2468 1091 2532 sit
1103 2467 1197 2533 alicui
1209 2493 1276 2534 csse

321 2583 353 2635 et
382 2593 480 2636 unum
510 2593 643 2635 numero
672 2593 748 2635 esse.
794 2575 1011 2636 Veruntamen
1042 2574 1085 2636 sic
1114 2571 1274 2635 hominem

319 2672 500 2736 intellectus
516 2671 656 2756 attingit,
671 2689 707 2734 ut
722 2670 760 2734 ad
778 2670 936 2736 neminem
951 2673 1111 2736 hominem
1128 2686 1274 2759 aspectus

322 2773 409 2838 illius
431 2773 611 2853 descendat,
632 2772 823 2859 generaliter
848 2775 986 2854 intuens,
1010 2775 1097 2863 quod
1124 2798 1186 2839 non
1212 2774 1272 2839 nisi

321 2873 525 2959 singulariter
546 2897 612 2937 csse
634 2887 749 2959 potest.
796 2875 883 2940 Sicut
905 2877 988 2941 enim
1009 2876 1134 2941 dicendi
1153 2890 1184 2942 et
1209 2878 1271 2962 sig-

320 2976 480 3056 nificandi,
510 2978 553 3040 sic
583 2991 614 3042 et
643 2976 840 3061 intelligendi
870 2979 1049 3058 diversitas,
1079 2979 1271 3045 subsistendi

320 3079 431 3143 modos
446 3079 497 3143 sui
512 3080 738 3144 numerositate
755 3082 961 3160 transcendit,
976 3095 1007 3146 et
1025 3082 1118 3145 bomo
1133 3085 1191 3168 qui
1207 3104 1270 3145 non

319 3192 423 3265 potest
458 3179 517 3243 nisi
554 3179 757 3265 singulariter
790 3204 867 3260 esse,
903 3180 1073 3245 universali
1107 3180 1271 3246 clauditur

319 3281 433 3345 mentis
446 3281 658 3367 conceptione.
699 3280 823 3347 Diffinit
839 3304 916 3366 ergo
932 3281 1013 3346 ratio
1029 3282 1117 3368 quod
1133 3282 1271 3368 concipit

318 3380 508 3458 intellectus,
531 3382 646 3445 animal
669 3381 822 3446 rationale
845 3381 989 3462 mortale,
1014 3381 1102 3467 quod
1127 3382 1160 3446 in
1187 3383 1270 3447 solos

318 3482 463 3546 subditos
482 3483 605 3563 cadere,
624 3484 741 3547 nemini
762 3497 846 3546 recte
869 3484 1060 3567 sapientium
1083 3484 1271 3569 ambiguum

318 3597 375 3649 est.
430 3584 518 3646 Dum
545 3586 655 3667 itaque
681 3606 786 3647 rerum
824 3583 1047 3649 similitudines
1072 3598 1105 3649 et
1131 3585 1270 3648 dissimi-

316 3682 469 3751 litudines
498 3682 633 3767 colligit,
663 3683 740 3747 dum
779 3684 993 3749 differentium
1019 3686 1271 3762 convenientias,

316 3802 348 3854 et
387 3784 644 3851 convenientium
680 3783 874 3847 differentias
908 3784 1004 3848 altius
1038 3797 1270 3870 perscrutatur,

316 3889 394 3953 dum
421 3887 502 3975 quid
532 3884 656 3970 singula
685 3906 756 3949 cum
787 3882 946 3969 pluribus,
981 3884 1060 3970 qnid
1090 3908 1163 3948 cum
1193 3906 1272 3970 pau-

311 3984 456 4056 cioribus
491 4011 659 4054 commune
693 3987 842 4066 habeant,
875 3985 1062 4071 diligentins
1091 3988 1273 4073 investigat,

314 4116 429 4177 quaeve
457 4094 552 4158 rebus
578 4090 711 4175 singulis
736 4089 848 4153 adesse
879 4110 1004 4152 necesse
1035 4090 1089 4168 sit,
1111 4112 1196 4176 quae,
1214 4090 1269 4155 ab·

317 4217 384 4259 esse
407 4217 468 4258 non
492 4195 629 4280 possint,
651 4191 864 4279 perspicacius
888 4191 1132 4276 contemplatur,
1154 4190 1273 4255 multos

317 4295 404 4383 apud
428 4317 460 4357 se
482 4317 589 4358 rerum
613 4294 735 4359 invenit
758 4306 872 4370 status,
894 4291 971 4355 alios
993 4292 1123 4378 quidem
1148 4293 1273 4356 unirer-

318 4398 409 4472 sales,
435 4392 514 4457 alios
540 4392 728 4478 singulares.
774 4394 862 4470 Quos
887 4412 947 4479 pro
972 4392 1104 4458 arbitrio
1130 4415 1189 4455 suo
1218 4391 1274 4454 de-

365 4518 439 4563 VOL.
456 4517 508 4561 111.
787 4515 811 4558 Η
