3575 5575
374 759 444 805 cnr.
460 743 561 822 mn]
713 759 967 806 rotronemcus.
1047 777 1051 784 ·
1263 751 1325 810 123

373 911 509 991 sensum,
532 923 569 976 ut
592 907 719 989 dixerit,
741 910 766 974 si
788 932 851 972 uon
873 923 977 977 esseut
998 911 1226 997 praedestinati,
1249 913 1320 980 dix-

371 1009 464 1074 issem
485 1010 585 1087 vobis‚
606 1011 659 1074 ibo
681 1023 713 1076 et
735 1009 981 1096 praedestinabo,
1002 1012 1151 1079 credibile
1172 1026 1221 1079 est
1242 1013 1323 1080 dum

370 1133 474 1174 rerum
490 1111 609 1197 pendet
624 1123 765 1188 eventus,
782 1112 809 1176 si
823 1113 1033 1198 omnipotenti
1049 1114 1183 1200 placeat,
1197 1139 1251 1180 eos
1265 1117 1322 1201 qui

370 1212 513 1277 nondum
543 1214 760 1300 praedestinati
789 1227 875 1289 sunt,
906 1237 997 1302 posse
1033 1215 1252 1301 praedestinari
1279 1216 1323 1283 ed

370 1311 481 1388 vitam,
497 1326 527 1376 et
544 1312 600 1398 qui
618 1313 686 1394 jam
707 1312 818 1398 scripti
839 1326 914 1378 sunt
933 1314 966 1377 in
989 1314 1072 1378 libro
1088 1315 1175 1392 vitae,
1194 1316 1324 1402 exigen-

372 1412 459 1476 tibus
473 1413 593 1478 meritis
607 1413 648 1478 ab
664 1413 775 1477 eodem
791 1436 883 1501 posse
898 1414 1008 1480 deleri·
1054 1413 1141 1480 Hinc
1155 1429 1203 1481 est
1218 1417 1320 1485 forte:
1432 1430 1435 1434 '

372 1512 549 1577 Deleantur
578 1513 618 1576 de
647 1513 729 1578 libro
755 1515 942 1593 viventium,
970 1528 1003 1582 et
1032 1539 1105 1583 cum
1131 1517 1231 1601 justis
1259 1541 1322 1587 uon

371 1613 559 1679 scribantur.
606 1615 771 1698 Itemque:
800 1619 867 1680 Aut
882 1614 1009 1680 dimitte
1023 1621 1069 1681 eis
1090 1617 1171 1682 hanc
1193 1640 1320 1694 noxam,

371 1728 427 1780 aut
443 1716 468 1778 si
485 1737 546 1778 non
561 1713 649 1790 facis,
660 1714 730 1781 dele
746 1716 851 1782 mede
866 1715 949 1783 libro
965 1730 1032 1794 tuo,
1048 1741 1141 1803 quem
1158 1719 1320 1804 scripsisti.
1418 1729 1421 1734 ’

371 1816 435 1894 Qui
450 1829 544 1880 natus
559 1815 732 1900 est,inquit
743 1815 962 1899 Evangelista,
973 1840 1013 1884 ex
1029 1819 1110 1893 Dec,
1121 1840 1184 1886 uon
1200 1831 1320 1904 peccat,

371 1918 522 2003 quoniam
545 1918 709 2002 generatio
730 1916 865 1983 coelestis
887 1930 991 1982 servat
1017 1942 1101 1984 eum.
1147 1920 1321 1991 Generatio

368 2019 483 2104 utique
497 2017 632 2082 coelestis
647 2030 694 2083 est
710 2031 828 2084 aeterna
842 2017 1091 2104 praedestinatio,
1105 2020 1198 2106 cujus
1211 2044 1321 2088 omnes

369 2120 426 2184 filii
448 2118 673 2204 ingrediuntur
694 2119 734 2183 ad
752 2119 861 2195 vitam,
877 2119 937 2183 etsi
959 2120 1108 2205 possibile
1130 2121 1172 2186 sit
1192 2122 1320 2189 eosdem

368 2222 637 2308 praevaricationis
659 2220 772 2286 merito
793 2243 813 2288 a
829 2220 970 2307 justitia,
991 2245 1066 2308 quae
1090 2225 1142 2286 rie
1163 2224 1238 2291 vitae
1260 2236 1320 2304 est,

368 2325 525 2388 aberrare.
572 2322 605 2385 Si
628 2321 706 2385 mihi
727 2344 790 2386 non
814 2321 929 2399 credis,
944 2323 1021 2392 audi
1036 2323 1087 2387 vel
1108 2322 1210 2402 illum,
1225 2324 1319 2392 enisi

368 2423 501 2510 angelus
516 2421 556 2486 de
571 2422 652 2486 coelo
666 2422 904 2502 contradixerit,
919 2423 1106 2508 dignissimo
1119 2424 1320 2497 anathemate

368 2523 641 2594 condemnabitur.
686 2525 790 2598 Pater,
819 2523 938 2607 iuquit,
963 2547 1003 2588 ex
1030 2524 1074 2589 eis
1097 2546 1178 2609 quos
1201 2524 1319 2592 dedisti

369 2626 449 2688 mihi
464 2646 526 2686 non
541 2622 666 2708 perdidi
688 2645 896 2707 quemquam,
910 2622 965 2686 sed
987 2646 1079 2688 serve
1097 2646 1160 2686 eos.
1204 2625 1319 2692 Nonne

368 2747 477 2810 quaeso
495 2725 562 2810 jam
585 2722 657 2786 illos
671 2722 866 2807 perdiderat,
881 2723 938 2807 qui
960 2735 1132 2791 retrorsum
1147 2722 1318 2792 abierant?

369 2832 485 2898 Nonne
506 2826 601 2897 etiam
623 2824 860 2909 quodammodo
875 2825 945 2908 jam
967 2825 991 2886 J
993 2823 1089 2888 udam
1111 2824 1317 2910 perdiderat?

370 2926 434 2993 Sed
457 2938 541 2991 certe
567 2947 629 2989 non
654 2936 871 3010 acceptaverat
900 2945 972 2988 eum
998 2922 1031 2987 in
1054 2947 1169 2991 arcano
1193 2926 1318 2999 consilii

366 3029 463 3108 filius,
491 3050 548 3091 nec
576 3039 667 3113 poter
697 3026 885 3091 servandum
915 3026 998 3089 inter
1028 3025 1222 3111 conscriptos
1251 3027 1318 3095 filio
1401 3023 1403 3027 ’

367 3131 498 3199 dederat
509 3129 611 3208 illum,
622 3127 679 3214 qui
695 3150 756 3191 non
772 3127 877 3191 fuerat
893 3126 1140 3211 predestinatus
1154 3127 1317 3208 advitam.

368 3236 401 3299 Si
417 3258 490 3298 vero
513 3233 564 3299 alii
586 3230 793 3319 praeordinati
815 3241 918 3301 erant,
937 3228 963 3291 si
986 3228 1049 3293 labi
1072 3251 1134 3293 non
1156 3242 1316 3313 poterant,

365 3359 464 3423 quere
473 3358 532 3421 pro
541 3337 585 3397 eis
594 3345 684 3398 tanta
693 3331 862 3395 sedulitate
871 3330 957 3394 filius
966 3329 1153 3396 intercedit?
1167 3330 1316 3395 Solvendi

366 3462 443 3523 ergo
457 3449 562 3500 eraut:
586 3447 618 3499 et
634 3450 739 3500 temen
755 3432 831 3497 dum
845 3430 1161 3517 peregrinabanture
1176 3432 1316 3513 Domino

365 3550 498 3601 mortem
515 3547 661 3621 poterant
673 3533 854 3619 promereri,
867 3532 907 3594 ad
921 3532 1017 3599 vitam
1030 3531 1118 3595 nulla
1129 3532 1315 3601 necessitate

365 3637 649 3727 praedestinationis
671 3636 793 3701 arctati.
849 3634 1016 3699 Gloriatur
1035 3635 1108 3720 quis
1129 3635 1217 3717 quod
1241 3657 1314 3703 euru

364 3740 444 3807 nihil
467 3737 625 3825 separabit
647 3759 667 3799 a
689 3735 820 3799 caritate
841 3734 975 3812 Christi,
997 3747 1029 3799 et
1054 3747 1159 3801 tamen
1180 3734 1315 3822 castigat

364 3824 603 3925 corpus'suum‚
624 3847 656 3899 et
671 3836 703 3897 in
727 3834 912 3897 servitutem
935 3829 1062 3915 redigit,
1084 3851 1124 3892 ne
1145 3829 1314 3901 t‘ortecum

363 3941 434 4009 aliis
448 3937 682 4024 praedicaverit,
696 3935 764 4019 ipse
780 3932 935 4017 reprobus
950 3931 1139 3996 invenietur.
1186 3930 1225 3998 In
1240 3954 1316 4017 apo·

363 4042 482 4127 celypsi
504 4061 634 4126 quoque
663 4048 834 4101 monentur
864 4032 967 4117 angeli
997 4030 1199 4098 ecclesiarum
1229 4054 1314 4104 nune

364 4166 457 4226 agere
471 4140 689 4227 poenitentiam
708 4151 741 4203 et
762 4137 865 4223 prima
887 4134 1114 4220 operuissem,
1132 4130 1181 4196 'ne
1207 4158 1313 4202 move·

364 4258 437 4307 atur
458 4242 681 4306 candelabrum
705 4261 825 4315 eorum,
848 4259 932 4302 nunc
954 4251 1061 4305 tenere
1080 4235 1184 4304 locum
1208 4260 1312 4319 suum,

364 4367 403 4407 ne
426 4343 558 4407 eundem
583 4343 674 4405 alteri
702 4340 826 4405 cedant.
875 4340 942 4401 Cur
969 4340 1024 4412 ita,
1048 4336 1073 4399 si
1101 4359 1173 4419 quae
1202 4337 1313 4403 futura
