<?xml version="1.0" encoding="UTF-8"?>
<!DOCTYPE html PUBLIC "-//W3C//DTD XHTML 1.0 Transitional//EN"
    "http://www.w3.org/TR/xhtml1/DTD/xhtml1-transitional.dtd">
<html xmlns="http://www.w3.org/1999/xhtml" xml:lang="en" lang="en">
 <head>
  <title>
</title>
<meta http-equiv="Content-Type" content="text/html;charset=utf-8" />
  <meta name='ocr-system' content='tesseract 3.04.00' />
  <meta name='ocr-capabilities' content='ocr_page ocr_carea ocr_par ocr_line ocrx_word'/>
</head>
<body>
  <div class='ocr_page' id='page_1' title='image "./joannissaresber12johngoog_0248.png"; bbox 0 0 3575 5575; ppageno 0'>
   <div class='ocr_carea' id='block_1_1' title="bbox 320 289 1109 734">
    <p class='ocr_par' dir='ltr' id='par_1_1' title="bbox 320 289 1109 734">
     <span class='ocr_line' id='line_1_1' title="bbox 320 289 1109 734; baseline 0.003 -2"><span class='ocrx_word' id='word_1_1' title='bbox 320 289 777 732; x_wconf 93' lang='lat' dir='ltr'><em>Q</em></span> <span class='ocrx_word' id='word_1_2' title='bbox 810 560 1109 734; x_wconf 60' lang='lat' dir='ltr'><strong>aa</strong></span> 
     </span>
    </p>
   </div>
   <div class='ocr_carea' id='block_1_2' title="bbox 501 765 1453 845">
    <p class='ocr_par' dir='ltr' id='par_1_2' title="bbox 501 765 1453 845">
     <span class='ocr_line' id='line_1_2' title="bbox 501 765 1453 845; baseline -0.001 -13"><span class='ocrx_word' id='word_1_3' title='bbox 501 772 566 834; x_wconf 67' lang='lat'><strong>238</strong></span> <span class='ocrx_word' id='word_1_4' title='bbox 748 786 884 831; x_wconf 83' lang='lat' dir='ltr'><strong>roaurua</strong></span> <span class='ocrx_word' id='word_1_5' title='bbox 900 784 1177 832; x_wconf 80' lang='lat' dir='ltr'><strong>saaasnaaransrs</strong></span> <span class='ocrx_word' id='word_1_6' title='bbox 1313 765 1393 845; x_wconf 76' lang='lat' dir='ltr'><strong>[aru.</strong></span> <span class='ocrx_word' id='word_1_7' title='bbox 1410 786 1453 833; x_wconf 74' lang='lat' dir='ltr'><strong>ru</strong></span> 
     </span>
    </p>
   </div>
   <div class='ocr_carea' id='block_1_3' title="bbox 373 649 388 677">
    <p class='ocr_par' dir='ltr' id='par_1_3' title="bbox 373 649 388 677">
     <span class='ocr_line' id='line_1_3' title="bbox 373 649 388 677; baseline 0 0"><span class='ocrx_word' id='word_1_8' title='bbox 373 649 388 677; x_wconf 69' lang='lat' dir='ltr'><strong>in</strong></span> 
     </span>
    </p>
   </div>
   <div class='ocr_carea' id='block_1_4' title="bbox 485 932 1453 3671">
    <p class='ocr_par' dir='ltr' id='par_1_4' title="bbox 485 932 1453 3671">
     <span class='ocr_line' id='line_1_4' title="bbox 501 932 1452 1021; baseline -0.004 -17"><span class='ocrx_word' id='word_1_9' title='bbox 501 961 563 1004; x_wconf 91' lang='lat' dir='ltr'><strong>non</strong></span> <span class='ocrx_word' id='word_1_10' title='bbox 579 937 733 1015; x_wconf 84' lang='lat' dir='ltr'><strong>ostendit,</strong></span> <span class='ocrx_word' id='word_1_11' title='bbox 749 935 867 1020; x_wconf 87' lang='lat' dir='ltr'><strong>linguis</strong></span> <span class='ocrx_word' id='word_1_12' title='bbox 883 937 950 1002; x_wconf 89' lang='lat' dir='ltr'><strong>suis</strong></span> <span class='ocrx_word' id='word_1_13' title='bbox 971 935 1187 1010; x_wconf 87' lang='lat' dir='ltr'><strong>introducant,</strong></span> <span class='ocrx_word' id='word_1_14' title='bbox 1204 932 1297 1019; x_wconf 91' lang='lat' dir='ltr'><strong>quasi</strong></span> <span class='ocrx_word' id='word_1_15' title='bbox 1312 935 1452 1021; x_wconf 88' lang='lat' dir='ltr'><strong>quodam</strong></span> 
     </span>
     <span class='ocr_line' id='line_1_5' title="bbox 500 1036 1452 1124; baseline -0.004 -18"><span class='ocrx_word' id='word_1_16' title='bbox 500 1043 626 1108; x_wconf 89' lang='lat' dir='ltr'><strong>aurium</strong></span> <span class='ocrx_word' id='word_1_17' title='bbox 643 1039 737 1119; x_wconf 89' lang='lat' dir='ltr'><strong>ostio,</strong></span> <span class='ocrx_word' id='word_1_18' title='bbox 752 1036 881 1104; x_wconf 88' lang='lat' dir='ltr'><strong>literati.</strong></span> <span class='ocrx_word' id='word_1_19' title='bbox 927 1039 1032 1122; x_wconf 82' lang='lat' dir='ltr'><strong>Legat</strong></span> <span class='ocrx_word' id='word_1_20' title='bbox 1051 1061 1129 1122; x_wconf 84' lang='lat' dir='ltr'><strong>ergo</strong></span> <span class='ocrx_word' id='word_1_21' title='bbox 1148 1059 1237 1102; x_wconf 89' lang='lat' dir='ltr'><strong>mens</strong></span> <span class='ocrx_word' id='word_1_22' title='bbox 1252 1037 1405 1124; x_wconf 87' lang='lat' dir='ltr'><strong>principis</strong></span> <span class='ocrx_word' id='word_1_23' title='bbox 1420 1038 1452 1102; x_wconf 90' lang='lat' dir='ltr'><strong>in</strong></span> 
     </span>
     <span class='ocr_line' id='line_1_6' title="bbox 500 1139 1453 1227; baseline -0.004 -21"><span class='ocrx_word' id='word_1_24' title='bbox 500 1143 612 1227; x_wconf 85' lang='lat' dir='ltr'><strong>lingua</strong></span> <span class='ocrx_word' id='word_1_25' title='bbox 627 1141 809 1221; x_wconf 86' lang='lat' dir='ltr'><strong>sacerdotis,</strong></span> <span class='ocrx_word' id='word_1_26' title='bbox 823 1153 855 1204; x_wconf 92' lang='lat' dir='ltr'><strong>et</strong></span> <span class='ocrx_word' id='word_1_27' title='bbox 878 1139 1032 1226; x_wconf 89' lang='lat' dir='ltr'><strong>quicquid</strong></span> <span class='ocrx_word' id='word_1_28' title='bbox 1054 1141 1219 1224; x_wconf 85' lang='lat' dir='ltr'><strong>egregium</strong></span> <span class='ocrx_word' id='word_1_29' title='bbox 1235 1139 1322 1204; x_wconf 87' lang='lat' dir='ltr'><strong>videt</strong></span> <span class='ocrx_word' id='word_1_30' title='bbox 1338 1143 1369 1204; x_wconf 92' lang='lat' dir='ltr'><strong>in</strong></span> <span class='ocrx_word' id='word_1_31' title='bbox 1387 1163 1453 1204; x_wconf 86' lang='lat' dir='ltr'><strong>rno-</strong></span> 
     </span>
     <span class='ocr_line' id='line_1_7' title="bbox 498 1241 1452 1330; baseline -0.002 -21"><span class='ocrx_word' id='word_1_32' title='bbox 498 1245 600 1317; x_wconf 87' lang='lat' dir='ltr'><strong>ribus,</strong></span> <span class='ocrx_word' id='word_1_33' title='bbox 620 1247 714 1330; x_wconf 87' lang='lat' dir='ltr'><strong>quasi</strong></span> <span class='ocrx_word' id='word_1_34' title='bbox 735 1243 838 1328; x_wconf 85' lang='lat' dir='ltr'><strong>legem</strong></span> <span class='ocrx_word' id='word_1_35' title='bbox 855 1242 986 1307; x_wconf 84' lang='lat' dir='ltr'><strong>Domini</strong></span> <span class='ocrx_word' id='word_1_36' title='bbox 1008 1254 1185 1310; x_wconf 85' lang='lat' dir='ltr'><strong>veneretur.</strong></span> <span class='ocrx_word' id='word_1_37' title='bbox 1230 1242 1313 1304; x_wconf 90' lang='lat' dir='ltr'><strong>Nam</strong></span> <span class='ocrx_word' id='word_1_38' title='bbox 1329 1255 1362 1306; x_wconf 91' lang='lat' dir='ltr'><strong>et</strong></span> <span class='ocrx_word' id='word_1_39' title='bbox 1384 1241 1452 1307; x_wconf 87' lang='lat' dir='ltr'><strong>vita</strong></span> 
     </span>
     <span class='ocr_line' id='line_1_8' title="bbox 497 1342 1451 1431; baseline -0.001 -21"><span class='ocrx_word' id='word_1_40' title='bbox 497 1358 531 1412; x_wconf 90' lang='lat' dir='ltr'><strong>et</strong></span> <span class='ocrx_word' id='word_1_41' title='bbox 546 1346 657 1430; x_wconf 89' lang='lat' dir='ltr'><strong>lingua</strong></span> <span class='ocrx_word' id='word_1_42' title='bbox 676 1344 889 1422; x_wconf 77' lang='lat' dir='ltr'><strong>sacerdotum,</strong></span> <span class='ocrx_word' id='word_1_43' title='bbox 903 1344 994 1429; x_wconf 83' lang='lat' dir='ltr'><strong>quasi</strong></span> <span class='ocrx_word' id='word_1_44' title='bbox 1017 1342 1148 1431; x_wconf 91' lang='lat' dir='ltr'><strong>quidam</strong></span> <span class='ocrx_word' id='word_1_45' title='bbox 1173 1344 1247 1408; x_wconf 88' lang='lat' dir='ltr'><strong>vitae</strong></span> <span class='ocrx_word' id='word_1_46' title='bbox 1262 1343 1342 1408; x_wconf 85' lang='lat' dir='ltr'><strong>liber</strong></span> <span class='ocrx_word' id='word_1_47' title='bbox 1357 1355 1404 1409; x_wconf 86' lang='lat' dir='ltr'><strong>est</strong></span> <span class='ocrx_word' id='word_1_48' title='bbox 1419 1344 1451 1409; x_wconf 90' lang='lat' dir='ltr'><strong>in</strong></span> 
     </span>
     <span class='ocr_line' id='line_1_9' title="bbox 497 1446 1451 1536; baseline -0.004 -21"><span class='ocrx_word' id='word_1_49' title='bbox 497 1451 578 1516; x_wconf 81' lang='lat' dir='ltr'><strong>facie</strong></span> <span class='ocrx_word' id='word_1_50' title='bbox 608 1449 813 1536; x_wconf 89' lang='lat' dir='ltr'><strong>populorum.</strong></span> <span class='ocrx_word' id='word_1_51' title='bbox 858 1448 910 1512; x_wconf 88' lang='lat' dir='ltr'><strong>Eo</strong></span> <span class='ocrx_word' id='word_1_52' title='bbox 935 1447 1017 1514; x_wconf 80' lang='lat' dir='ltr'><strong>forte</strong></span> <span class='ocrx_word' id='word_1_53' title='bbox 1040 1459 1174 1533; x_wconf 86' lang='lat' dir='ltr'><strong>spectat,</strong></span> <span class='ocrx_word' id='word_1_54' title='bbox 1198 1446 1285 1533; x_wconf 93' lang='lat' dir='ltr'><strong>quod</strong></span> <span class='ocrx_word' id='word_1_55' title='bbox 1308 1448 1451 1533; x_wconf 85' lang='lat' dir='ltr'><strong>exempla</strong></span> 
     </span>
     <span class='ocr_line' id='line_1_10' title="bbox 497 1549 1448 1637; baseline -0.003 -22"><span class='ocrx_word' id='word_1_56' title='bbox 497 1552 576 1637; x_wconf 85' lang='lat' dir='ltr'><strong>legis</strong></span> <span class='ocrx_word' id='word_1_57' title='bbox 590 1575 610 1616; x_wconf 89' lang='lat' dir='ltr'><strong>a</strong></span> <span class='ocrx_word' id='word_1_58' title='bbox 631 1550 850 1616; x_wconf 88' lang='lat' dir='ltr'><strong>sacerdotibus</strong></span> <span class='ocrx_word' id='word_1_59' title='bbox 873 1549 1028 1616; x_wconf 78' lang='lat' dir='ltr'><strong>Leviticae</strong></span> <span class='ocrx_word' id='word_1_60' title='bbox 1049 1549 1152 1613; x_wconf 93' lang='lat' dir='ltr'><strong>tribus</strong></span> <span class='ocrx_word' id='word_1_61' title='bbox 1162 1549 1298 1635; x_wconf 85' lang='lat' dir='ltr'><strong>jubetur</strong></span> <span class='ocrx_word' id='word_1_62' title='bbox 1313 1550 1448 1623; x_wconf 86' lang='lat' dir='ltr'><strong>assunri;</strong></span> 
     </span>
     <span class='ocr_line' id='line_1_11' title="bbox 497 1651 1450 1741; baseline -0.004 -23"><span class='ocrx_word' id='word_1_63' title='bbox 497 1653 573 1741; x_wconf 87' lang='lat' dir='ltr'><strong>quia</strong></span> <span class='ocrx_word' id='word_1_64' title='bbox 602 1652 834 1740; x_wconf 77' lang='lat' dir='ltr'><strong>praedicatione</strong></span> <span class='ocrx_word' id='word_1_65' title='bbox 863 1675 972 1718; x_wconf 90' lang='lat' dir='ltr'><strong>eornm</strong></span> <span class='ocrx_word' id='word_1_66' title='bbox 998 1651 1093 1715; x_wconf 90' lang='lat' dir='ltr'><strong>debet</strong></span> <span class='ocrx_word' id='word_1_67' title='bbox 1122 1663 1263 1736; x_wconf 89' lang='lat' dir='ltr'><strong>potestas</strong></span> <span class='ocrx_word' id='word_1_68' title='bbox 1293 1651 1450 1716; x_wconf 80' lang='lat' dir='ltr'>commissi</span> 
     </span>
     <span class='ocr_line' id='line_1_12' title="bbox 495 1756 1449 1843; baseline -0.003 -20"><span class='ocrx_word' id='word_1_69' title='bbox 495 1758 700 1843; x_wconf 77' lang='lat' dir='ltr'><strong>magistratus</strong></span> <span class='ocrx_word' id='word_1_70' title='bbox 719 1756 934 1842; x_wconf 85' lang='lat' dir='ltr'><strong>gubernacula</strong></span> <span class='ocrx_word' id='word_1_71' title='bbox 955 1756 1123 1820; x_wconf 87' lang='lat' dir='ltr'><strong>moderari.</strong></span> <span class='ocrx_word' id='word_1_72' title='bbox 1169 1759 1238 1820; x_wconf 89' lang='lat' dir='ltr'><strong>Nec</strong></span> <span class='ocrx_word' id='word_1_73' title='bbox 1253 1779 1369 1842; x_wconf 86' lang='lat' dir='ltr'>expers</span> <span class='ocrx_word' id='word_1_74' title='bbox 1383 1778 1449 1820; x_wconf 91' lang='lat' dir='ltr'><strong>om-</strong></span> 
     </span>
     <span class='ocr_line' id='line_1_13' title="bbox 494 1857 1449 1944; baseline -0.001 -20"><span class='ocrx_word' id='word_1_75' title='bbox 494 1862 571 1925; x_wconf 89' lang='lat' dir='ltr'><strong>nino</strong></span> <span class='ocrx_word' id='word_1_76' title='bbox 594 1858 738 1924; x_wconf 86' lang='lat' dir='ltr'><strong>lectionis</strong></span> <span class='ocrx_word' id='word_1_77' title='bbox 760 1870 820 1934; x_wconf 87' lang='lat' dir='ltr'><strong>est,</strong></span> <span class='ocrx_word' id='word_1_78' title='bbox 840 1858 898 1944; x_wconf 91' lang='lat' dir='ltr'><strong>qui</strong></span> <span class='ocrx_word' id='word_1_79' title='bbox 925 1858 984 1922; x_wconf 91' lang='lat' dir='ltr'><strong>etsi</strong></span> <span class='ocrx_word' id='word_1_80' title='bbox 1011 1857 1078 1944; x_wconf 89' lang='lat' dir='ltr'><strong>ipse</strong></span> <span class='ocrx_word' id='word_1_81' title='bbox 1104 1880 1166 1922; x_wconf 91' lang='lat' dir='ltr'><strong>non</strong></span> <span class='ocrx_word' id='word_1_82' title='bbox 1191 1857 1280 1940; x_wconf 84' lang='lat' dir='ltr'><strong>legit,</strong></span> <span class='ocrx_word' id='word_1_83' title='bbox 1306 1881 1381 1943; x_wconf 87' lang='lat' dir='ltr'><strong>quae</strong></span> <span class='ocrx_word' id='word_1_84' title='bbox 1407 1859 1449 1924; x_wconf 89' lang='lat' dir='ltr'><strong>le-</strong></span> 
     </span>
     <span class='ocr_line' id='line_1_14' title="bbox 493 1958 1447 2046; baseline -0.002 -18"><span class='ocrx_word' id='word_1_85' title='bbox 493 1976 614 2046; x_wconf 83' lang='lat' dir='ltr'><strong>guntur</strong></span> <span class='ocrx_word' id='word_1_86' title='bbox 639 1961 681 2025; x_wconf 91' lang='lat' dir='ltr'><strong>ab</strong></span> <span class='ocrx_word' id='word_1_87' title='bbox 702 1959 783 2036; x_wconf 90' lang='lat' dir='ltr'><strong>aliis,</strong></span> <span class='ocrx_word' id='word_1_88' title='bbox 806 1960 944 2025; x_wconf 86' lang='lat' dir='ltr'><strong>fideliter</strong></span> <span class='ocrx_word' id='word_1_89' title='bbox 965 1958 1068 2024; x_wconf 88' lang='lat' dir='ltr'><strong>audit.</strong></span> <span class='ocrx_word' id='word_1_90' title='bbox 1113 1960 1177 2037; x_wconf 83' lang='lat' dir='ltr'><strong>Qui</strong></span> <span class='ocrx_word' id='word_1_91' title='bbox 1200 1981 1276 2023; x_wconf 90' lang='lat' dir='ltr'><strong>vero</strong></span> <span class='ocrx_word' id='word_1_92' title='bbox 1298 1974 1447 2026; x_wconf 88' lang='lat' dir='ltr'><strong>neutrum</strong></span> 
     </span>
     <span class='ocr_line' id='line_1_15' title="bbox 494 2059 1448 2147; baseline 0 -22"><span class='ocrx_word' id='word_1_93' title='bbox 494 2061 583 2142; x_wconf 79' lang='lat' dir='ltr'><strong>lacit,</strong></span> <span class='ocrx_word' id='word_1_94' title='bbox 604 2059 778 2147; x_wconf 89' lang='lat' dir='ltr'><strong>quomodo,</strong></span> <span class='ocrx_word' id='word_1_95' title='bbox 800 2060 832 2124; x_wconf 89' lang='lat' dir='ltr'><strong>iu</strong></span> <span class='ocrx_word' id='word_1_96' title='bbox 860 2072 1047 2145; x_wconf 89' lang='lat' dir='ltr'><strong>contemptu</strong></span> <span class='ocrx_word' id='word_1_97' title='bbox 1070 2060 1233 2146; x_wconf 67' lang='lat' dir='ltr'><strong>praecepti,</strong></span> <span class='ocrx_word' id='word_1_98' title='bbox 1257 2060 1345 2147; x_wconf 93' lang='lat' dir='ltr'><strong>quod</strong></span> <span class='ocrx_word' id='word_1_99' title='bbox 1368 2084 1448 2147; x_wconf 89' lang='lat' dir='ltr'><strong>prae-</strong></span> 
     </span>
     <span class='ocr_line' id='line_1_16' title="bbox 492 2158 1446 2248; baseline 0.006 -26"><span class='ocrx_word' id='word_1_100' title='bbox 492 2159 612 2245; x_wconf 88' lang='lat' dir='ltr'><strong>cipitur</strong></span> <span class='ocrx_word' id='word_1_101' title='bbox 627 2158 765 2224; x_wconf 86' lang='lat' dir='ltr'><strong>fideliter</strong></span> <span class='ocrx_word' id='word_1_102' title='bbox 780 2158 991 2246; x_wconf 75' lang='lat' dir='ltr'><strong>adimplebit?</strong></span> <span class='ocrx_word' id='word_1_103' title='bbox 1031 2163 1214 2226; x_wconf 86' lang='lat' dir='ltr'><strong>Concursus</strong></span> <span class='ocrx_word' id='word_1_104' title='bbox 1233 2185 1371 2248; x_wconf 88' lang='lat' dir='ltr'><strong>namque</strong></span> <span class='ocrx_word' id='word_1_105' title='bbox 1393 2164 1446 2228; x_wconf 86' lang='lat' dir='ltr'><strong>de-</strong></span> 
     </span>
     <span class='ocr_line' id='line_1_17' title="bbox 494 2259 1446 2345; baseline -0.001 -18"><span class='ocrx_word' id='word_1_106' title='bbox 494 2259 711 2328; x_wconf 82' lang='lat' dir='ltr'><strong>siderabilium</strong></span> <span class='ocrx_word' id='word_1_107' title='bbox 731 2260 873 2324; x_wconf 92' lang='lat' dir='ltr'><strong>omnium</strong></span> <span class='ocrx_word' id='word_1_108' title='bbox 896 2260 1057 2345; x_wconf 75' lang='lat' dir='ltr'><strong>sapientia</strong></span> <span class='ocrx_word' id='word_1_109' title='bbox 1079 2260 1213 2324; x_wconf 86' lang='lat' dir='ltr'><strong>accessio</strong></span> <span class='ocrx_word' id='word_1_110' title='bbox 1231 2274 1290 2326; x_wconf 91' lang='lat' dir='ltr'><strong>est.</strong></span> <span class='ocrx_word' id='word_1_111' title='bbox 1339 2263 1446 2329; x_wconf 90' lang='lat' dir='ltr'><strong>Ptolo·</strong></span> 
     </span>
     <span class='ocr_line' id='line_1_18' title="bbox 493 2361 1445 2447; baseline 0.003 -22"><span class='ocrx_word' id='word_1_112' title='bbox 493 2385 593 2426; x_wconf 85' lang='lat' dir='ltr'><strong>maeus</strong></span> <span class='ocrx_word' id='word_1_113' title='bbox 615 2361 657 2428; x_wconf 92' lang='lat' dir='ltr'><strong>ad</strong></span> <span class='ocrx_word' id='word_1_114' title='bbox 681 2361 844 2426; x_wconf 90' lang='lat' dir='ltr'><strong>cumulum</strong></span> <span class='ocrx_word' id='word_1_115' title='bbox 872 2361 1089 2438; x_wconf 84' lang='lat' dir='ltr'><strong>beatitudinis,</strong></span> <span class='ocrx_word' id='word_1_116' title='bbox 1112 2383 1216 2427; x_wconf 87' lang='lat' dir='ltr'><strong>nonne</strong></span> <span class='ocrx_word' id='word_1_117' title='bbox 1239 2363 1298 2427; x_wconf 91' lang='lat' dir='ltr'><strong>sibi</strong></span> <span class='ocrx_word' id='word_1_118' title='bbox 1324 2362 1445 2447; x_wconf 91' lang='lat' dir='ltr'><strong>aliquid</strong></span> 
     </span>
     <span class='ocr_line' id='line_1_19' title="bbox 491 2463 1446 2550; baseline 0.003 -22"><span class='ocrx_word' id='word_1_119' title='bbox 491 2464 600 2530; x_wconf 89' lang='lat' dir='ltr'><strong>deesse</strong></span> <span class='ocrx_word' id='word_1_120' title='bbox 611 2463 758 2544; x_wconf 84' lang='lat' dir='ltr'><strong>credidit,</strong></span> <span class='ocrx_word' id='word_1_121' title='bbox 769 2463 870 2528; x_wconf 90' lang='lat' dir='ltr'><strong>donec</strong></span> <span class='ocrx_word' id='word_1_122' title='bbox 881 2464 991 2530; x_wconf 88' lang='lat' dir='ltr'><strong>accitis</strong></span> <span class='ocrx_word' id='word_1_123' title='bbox 1003 2464 1206 2550; x_wconf 85' lang='lat' dir='ltr'><strong>septuaginta</strong></span> <span class='ocrx_word' id='word_1_124' title='bbox 1218 2465 1446 2549; x_wconf 84' lang='lat' dir='ltr'><strong>interpretibus</strong></span> 
     </span>
     <span class='ocr_line' id='line_1_20' title="bbox 491 2563 1443 2650; baseline 0.003 -23"><span class='ocrx_word' id='word_1_125' title='bbox 491 2564 564 2630; x_wconf 89' lang='lat' dir='ltr'><strong>licet</strong></span> <span class='ocrx_word' id='word_1_126' title='bbox 588 2564 715 2650; x_wconf 87' lang='lat' dir='ltr'><strong>gentilis</strong></span> <span class='ocrx_word' id='word_1_127' title='bbox 735 2576 828 2639; x_wconf 87' lang='lat' dir='ltr'><strong>esset,</strong></span> <span class='ocrx_word' id='word_1_128' title='bbox 849 2563 953 2646; x_wconf 86' lang='lat' dir='ltr'><strong>legem</strong></span> <span class='ocrx_word' id='word_1_129' title='bbox 975 2564 1107 2630; x_wconf 89' lang='lat' dir='ltr'><strong>Domini</strong></span> <span class='ocrx_word' id='word_1_130' title='bbox 1128 2566 1249 2630; x_wconf 76' lang='lat' dir='ltr'><strong>Graecis</strong></span> <span class='ocrx_word' id='word_1_131' title='bbox 1270 2567 1443 2631; x_wconf 90' lang='lat' dir='ltr'><strong>communi-</strong></span> 
     </span>
     <span class='ocr_line' id='line_1_21' title="bbox 490 2665 1442 2754; baseline 0.004 -24"><span class='ocrx_word' id='word_1_132' title='bbox 490 2667 599 2746; x_wconf 75' lang='lat' dir='ltr'><strong>carit?</strong></span> <span class='ocrx_word' id='word_1_133' title='bbox 637 2665 728 2736; x_wconf 88' lang='lat' dir='ltr'><strong>Nihil</strong></span> <span class='ocrx_word' id='word_1_134' title='bbox 754 2667 838 2734; x_wconf 89' lang='lat' dir='ltr'><strong>enim</strong></span> <span class='ocrx_word' id='word_1_135' title='bbox 863 2666 972 2743; x_wconf 80' lang='lat' dir='ltr'><strong>refert,</strong></span> <span class='ocrx_word' id='word_1_136' title='bbox 998 2689 1037 2730; x_wconf 91' lang='lat' dir='ltr'><strong>an</strong></span> <span class='ocrx_word' id='word_1_137' title='bbox 1064 2665 1252 2754; x_wconf 89' lang='lat' dir='ltr'><strong>interpretes</strong></span> <span class='ocrx_word' id='word_1_138' title='bbox 1274 2668 1306 2732; x_wconf 90' lang='lat' dir='ltr'><strong>in</strong></span> <span class='ocrx_word' id='word_1_139' title='bbox 1333 2668 1442 2734; x_wconf 88' lang='lat' dir='ltr'><strong>eadem</strong></span> 
     </span>
     <span class='ocr_line' id='line_1_22' title="bbox 489 2769 1443 2856; baseline -0.002 -19"><span class='ocrx_word' id='word_1_140' title='bbox 489 2769 604 2837; x_wconf 87' lang='lat' dir='ltr'><strong>cellula</strong></span> <span class='ocrx_word' id='word_1_141' title='bbox 629 2769 731 2837; x_wconf 87' lang='lat' dir='ltr'><strong>clausi</strong></span> <span class='ocrx_word' id='word_1_142' title='bbox 757 2769 960 2851; x_wconf 89' lang='lat' dir='ltr'><strong>contulerint,</strong></span> <span class='ocrx_word' id='word_1_143' title='bbox 986 2793 1026 2835; x_wconf 92' lang='lat' dir='ltr'><strong>an</strong></span> <span class='ocrx_word' id='word_1_144' title='bbox 1052 2770 1313 2856; x_wconf 85' lang='lat' dir='ltr'><strong>prophetaverint</strong></span> <span class='ocrx_word' id='word_1_145' title='bbox 1338 2772 1370 2838; x_wconf 91' lang='lat' dir='ltr'><strong>iu</strong></span> <span class='ocrx_word' id='word_1_146' title='bbox 1396 2771 1443 2836; x_wconf 86' lang='lat' dir='ltr'><strong>di·</strong></span> 
     </span>
     <span class='ocr_line' id='line_1_23' title="bbox 490 2870 1443 2961; baseline 0.003 -27"><span class='ocrx_word' id='word_1_147' title='bbox 490 2873 600 2951; x_wconf 85' lang='lat' dir='ltr'><strong>versis,</strong></span> <span class='ocrx_word' id='word_1_148' title='bbox 629 2870 707 2936; x_wconf 91' lang='lat' dir='ltr'><strong>dum</strong></span> <span class='ocrx_word' id='word_1_149' title='bbox 733 2884 856 2936; x_wconf 88' lang='lat' dir='ltr'><strong>constet</strong></span> <span class='ocrx_word' id='word_1_150' title='bbox 882 2894 989 2955; x_wconf 85' lang='lat' dir='ltr'><strong>regem</strong></span> <span class='ocrx_word' id='word_1_151' title='bbox 1015 2874 1047 2935; x_wconf 92' lang='lat' dir='ltr'><strong>in</strong></span> <span class='ocrx_word' id='word_1_152' title='bbox 1076 2873 1215 2939; x_wconf 88' lang='lat' dir='ltr'><strong>veritatis</strong></span> <span class='ocrx_word' id='word_1_153' title='bbox 1241 2873 1443 2961; x_wconf 85' lang='lat' dir='ltr'><strong>inquisitione</strong></span> 
     </span>
     <span class='ocr_line' id='line_1_24' title="bbox 488 2971 1441 3063; baseline 0.001 -26"><span class='ocrx_word' id='word_1_154' title='bbox 488 2972 662 3048; x_wconf 91' lang='lat' dir='ltr'><strong>solicitum,</strong></span> <span class='ocrx_word' id='word_1_155' title='bbox 677 2972 779 3055; x_wconf 85' lang='lat' dir='ltr'><strong>legem</strong></span> <span class='ocrx_word' id='word_1_156' title='bbox 802 2971 932 3037; x_wconf 91' lang='lat' dir='ltr'><strong>Domini</strong></span> <span class='ocrx_word' id='word_1_157' title='bbox 953 2973 984 3036; x_wconf 92' lang='lat' dir='ltr'><strong>in</strong></span> <span class='ocrx_word' id='word_1_158' title='bbox 1009 2973 1167 3041; x_wconf 86' lang='lat' dir='ltr'><strong>Graeciam</strong></span> <span class='ocrx_word' id='word_1_159' title='bbox 1187 2976 1355 3063; x_wconf 85' lang='lat' dir='ltr'><strong>trajecisse.</strong></span> <span class='ocrx_word' id='word_1_160' title='bbox 1403 2977 1441 3039; x_wconf 89' lang='lat' dir='ltr'><strong>In</strong></span> 
     </span>
     <span class='ocr_line' id='line_1_25' title="bbox 488 3072 1442 3163; baseline -0.003 -20"><span class='ocrx_word' id='word_1_161' title='bbox 488 3072 602 3143; x_wconf 83' lang='lat' dir='ltr'><strong>Atticis</strong></span> <span class='ocrx_word' id='word_1_162' title='bbox 628 3073 788 3141; x_wconf 87' lang='lat' dir='ltr'><strong>Noctibus</strong></span> <span class='ocrx_word' id='word_1_163' title='bbox 815 3073 928 3158; x_wconf 81' lang='lat' dir='ltr'><strong>legisse</strong></span> <span class='ocrx_word' id='word_1_164' title='bbox 955 3075 1094 3151; x_wconf 91' lang='lat' dir='ltr'><strong>memini,</strong></span> <span class='ocrx_word' id='word_1_165' title='bbox 1120 3076 1209 3162; x_wconf 90' lang='lat' dir='ltr'><strong>quod</strong></span> <span class='ocrx_word' id='word_1_166' title='bbox 1236 3100 1338 3163; x_wconf 93' lang='lat' dir='ltr'><strong>quum</strong></span> <span class='ocrx_word' id='word_1_167' title='bbox 1367 3077 1442 3141; x_wconf 88' lang='lat' dir='ltr'><strong>Phi-</strong></span> 
     </span>
     <span class='ocr_line' id='line_1_26' title="bbox 488 3173 1442 3263; baseline 0.004 -26"><span class='ocrx_word' id='word_1_168' title='bbox 488 3173 569 3262; x_wconf 92' lang='lat' dir='ltr'><strong>lippi</strong></span> <span class='ocrx_word' id='word_1_169' title='bbox 584 3175 771 3240; x_wconf 84' lang='lat' dir='ltr'><strong>Macedonis</strong></span> <span class='ocrx_word' id='word_1_170' title='bbox 782 3199 907 3243; x_wconf 85' lang='lat' dir='ltr'><strong>morum</strong></span> <span class='ocrx_word' id='word_1_171' title='bbox 923 3178 1227 3263; x_wconf 87' lang='lat' dir='ltr'><strong>leganturiusignia,</strong></span> <span class='ocrx_word' id='word_1_172' title='bbox 1238 3179 1442 3244; x_wconf 86' lang='lat' dir='ltr'><strong>intercaetera</strong></span> 
     </span>
     <span class='ocr_line' id='line_1_27' title="bbox 489 3275 1440 3365; baseline 0.003 -27"><span class='ocrx_word' id='word_1_173' title='bbox 489 3275 696 3345; x_wconf 90' lang='lat' dir='ltr'><strong>literatorium</strong></span> <span class='ocrx_word' id='word_1_174' title='bbox 721 3290 750 3343; x_wconf 95' lang='lat' dir='ltr'><strong>st</strong></span> <span class='ocrx_word' id='word_1_175' title='bbox 776 3278 878 3357; x_wconf 92' lang='lat' dir='ltr'><strong>dium,</strong></span> <span class='ocrx_word' id='word_1_176' title='bbox 901 3279 991 3365; x_wconf 91' lang='lat' dir='ltr'><strong>quasi</strong></span> <span class='ocrx_word' id='word_1_177' title='bbox 1017 3279 1093 3344; x_wconf 90' lang='lat' dir='ltr'><strong>belli</strong></span> <span class='ocrx_word' id='word_1_178' title='bbox 1120 3282 1258 3364; x_wconf 88' lang='lat' dir='ltr'><strong>negotia,</strong></span> <span class='ocrx_word' id='word_1_179' title='bbox 1281 3293 1314 3344; x_wconf 91' lang='lat' dir='ltr'><strong>et</strong></span> <span class='ocrx_word' id='word_1_180' title='bbox 1341 3280 1440 3344; x_wconf 86' lang='lat' dir='ltr'><strong>victo-</strong></span> 
     </span>
     <span class='ocr_line' id='line_1_28' title="bbox 488 3367 1440 3466; baseline 0.003 -24"><span class='ocrx_word' id='word_1_181' title='bbox 488 3377 605 3442; x_wconf 88' lang='lat' dir='ltr'><strong>riarum</strong></span> <span class='ocrx_word' id='word_1_182' title='bbox 629 3379 809 3466; x_wconf 90' lang='lat' dir='ltr'><strong>triumphos</strong></span> <span class='ocrx_word' id='word_1_183' title='bbox 835 3367 1058 3447; x_wconf 83' lang='lat' dir='ltr'><strong>liberalitatem</strong></span> <span class='ocrx_word' id='word_1_184' title='bbox 1081 3404 1208 3459; x_wconf 84' lang='lat' dir='ltr'><strong>mensae,</strong></span> <span class='ocrx_word' id='word_1_185' title='bbox 1231 3381 1440 3445; x_wconf 88' lang='lat' dir='ltr'><strong>humanitatis</strong></span> 
     </span>
     <span class='ocr_line' id='line_1_29' title="bbox 485 3478 1440 3569; baseline 0.004 -26"><span class='ocrx_word' id='word_1_186' title='bbox 485 3478 637 3557; x_wconf 90' lang='lat' dir='ltr'><strong>officium,</strong></span> <span class='ocrx_word' id='word_1_187' title='bbox 652 3494 684 3545; x_wconf 94' lang='lat' dir='ltr'><strong>et</strong></span> <span class='ocrx_word' id='word_1_188' title='bbox 705 3504 907 3569; x_wconf 77' lang='lat' dir='ltr'><strong>quaecunque</strong></span> <span class='ocrx_word' id='word_1_189' title='bbox 927 3483 1044 3569; x_wconf 88' lang='lat' dir='ltr'><strong>lepide,</strong></span> <span class='ocrx_word' id='word_1_190' title='bbox 1063 3482 1335 3569; x_wconf 89' lang='lat' dir='ltr'><strong>communiterque</strong></span> <span class='ocrx_word' id='word_1_191' title='bbox 1353 3482 1440 3549; x_wconf 90' lang='lat' dir='ltr'><strong>dicta</strong></span> 
     </span>
     <span class='ocr_line' id='line_1_30' title="bbox 487 3579 1436 3671; baseline 0.006 -28"><span class='ocrx_word' id='word_1_192' title='bbox 487 3579 537 3645; x_wconf 88' lang='lat' dir='ltr'><strong>vel</strong></span> <span class='ocrx_word' id='word_1_193' title='bbox 560 3580 646 3647; x_wconf 84' lang='lat' dir='ltr'><strong>factu</strong></span> <span class='ocrx_word' id='word_1_194' title='bbox 672 3593 756 3660; x_wconf 88' lang='lat' dir='ltr'><strong>suut,</strong></span> <span class='ocrx_word' id='word_1_195' title='bbox 778 3584 943 3647; x_wconf 87' lang='lat' dir='ltr'><strong>coloravit.</strong></span> <span class='ocrx_word' id='word_1_196' title='bbox 991 3584 1108 3649; x_wconf 89' lang='lat' dir='ltr'><strong>Verum</strong></span> <span class='ocrx_word' id='word_1_197' title='bbox 1135 3598 1167 3649; x_wconf 89' lang='lat' dir='ltr'><strong>et</strong></span> <span class='ocrx_word' id='word_1_198' title='bbox 1193 3584 1253 3649; x_wconf 89' lang='lat' dir='ltr'><strong>hoc</strong></span> <span class='ocrx_word' id='word_1_199' title='bbox 1275 3584 1381 3671; x_wconf 91' lang='lat' dir='ltr'><strong>ipsum</strong></span> <span class='ocrx_word' id='word_1_200' title='bbox 1406 3584 1436 3649; x_wconf 90' lang='lat' dir='ltr'><strong>in</strong></span> 
     </span>
    </p>
   </div>
   <div class='ocr_carea' id='block_1_5' title="bbox 370 3680 1435 3771">
    <p class='ocr_par' dir='ltr' id='par_1_5' title="bbox 370 3680 1435 3771">
     <span class='ocr_line' id='line_1_31' title="bbox 370 3680 1435 3771; baseline 0.002 -25"><span class='ocrx_word' id='word_1_201' title='bbox 370 3684 376 3691; x_wconf 76' lang='grc'>’</span> <span class='ocrx_word' id='word_1_202' title='bbox 485 3706 553 3768; x_wconf 92' lang='lat' dir='ltr'><strong>quo</strong></span> <span class='ocrx_word' id='word_1_203' title='bbox 575 3705 609 3750; x_wconf 86' lang='lat' dir='ltr'><strong>se</strong></span> <span class='ocrx_word' id='word_1_204' title='bbox 630 3680 700 3747; x_wconf 83' lang='lat' dir='ltr'><strong>aliia</strong></span> <span class='ocrx_word' id='word_1_205' title='bbox 727 3681 980 3747; x_wconf 80' lang='lat' dir='ltr'><strong>excellentiorem</strong></span> <span class='ocrx_word' id='word_1_206' title='bbox 1004 3697 1149 3762; x_wconf 90' lang='lat' dir='ltr'><strong>noverat,</strong></span> <span class='ocrx_word' id='word_1_207' title='bbox 1170 3685 1261 3771; x_wconf 91' lang='lat' dir='ltr'><strong>quasi</strong></span> <span class='ocrx_word' id='word_1_208' title='bbox 1281 3685 1435 3749; x_wconf 90' lang='lat' dir='ltr'><strong>bonorum</strong></span> 
     </span>
    </p>
   </div>
   <div class='ocr_carea' id='block_1_6' title="bbox 481 3784 1437 4482">
    <p class='ocr_par' dir='ltr' id='par_1_6' title="bbox 481 3784 1437 4482">
     <span class='ocr_line' id='line_1_32' title="bbox 484 3784 1437 3871; baseline -0.002 -22"><span class='ocrx_word' id='word_1_209' title='bbox 484 3784 757 3851; x_wconf 70' lang='lat' dir='ltr'><strong>haereditariorum</strong></span> <span class='ocrx_word' id='word_1_210' title='bbox 772 3784 1030 3866; x_wconf 84' lang='lat' dir='ltr'><strong>fundamentum,</strong></span> <span class='ocrx_word' id='word_1_211' title='bbox 1045 3786 1087 3851; x_wconf 87' lang='lat' dir='ltr'><strong>ad</strong></span> <span class='ocrx_word' id='word_1_212' title='bbox 1104 3787 1233 3852; x_wconf 92' lang='lat' dir='ltr'><strong>unicum</strong></span> <span class='ocrx_word' id='word_1_213' title='bbox 1253 3808 1347 3871; x_wconf 87' lang='lat' dir='ltr'><strong>quem</strong></span> <span class='ocrx_word' id='word_1_214' title='bbox 1369 3808 1437 3869; x_wconf 89' lang='lat' dir='ltr'><strong>spe-</strong></span> 
     </span>
     <span class='ocr_line' id='line_1_33' title="bbox 484 3884 1437 3969; baseline 0.001 -21"><span class='ocrx_word' id='word_1_215' title='bbox 484 3885 576 3954; x_wconf 87' lang='lat' dir='ltr'><strong>rabat</strong></span> <span class='ocrx_word' id='word_1_216' title='bbox 600 3888 691 3969; x_wconf 85' lang='lat' dir='ltr'><strong>regni</strong></span> <span class='ocrx_word' id='word_1_217' title='bbox 715 3898 748 3949; x_wconf 90' lang='lat' dir='ltr'><strong>et</strong></span> <span class='ocrx_word' id='word_1_218' title='bbox 778 3884 940 3951; x_wconf 77' lang='lat' dir='ltr'><strong>felicitatis</strong></span> <span class='ocrx_word' id='word_1_219' title='bbox 970 3886 1119 3952; x_wconf 86' lang='lat' dir='ltr'><strong>futurum</strong></span> <span class='ocrx_word' id='word_1_220' title='bbox 1150 3886 1308 3961; x_wconf 89' lang='lat' dir='ltr'><strong>heredem,</strong></span> <span class='ocrx_word' id='word_1_221' title='bbox 1335 3897 1437 3949; x_wconf 90' lang='lat' dir='ltr'><strong>trans-</strong></span> 
     </span>
     <span class='ocr_line' id='line_1_34' title="bbox 486 3986 1436 4075; baseline 0.002 -26"><span class='ocrx_word' id='word_1_222' title='bbox 486 3986 614 4051; x_wconf 89' lang='lat' dir='ltr'><strong>mittere</strong></span> <span class='ocrx_word' id='word_1_223' title='bbox 624 3986 758 4053; x_wconf 86' lang='lat' dir='ltr'><strong>curavit.</strong></span> <span class='ocrx_word' id='word_1_224' title='bbox 797 3988 850 4052; x_wconf 95' lang='lat' dir='ltr'><strong>Ob</strong></span> <span class='ocrx_word' id='word_1_225' title='bbox 861 4010 957 4074; x_wconf 91' lang='lat' dir='ltr'><strong>quam</strong></span> <span class='ocrx_word' id='word_1_226' title='bbox 970 4011 1096 4053; x_wconf 90' lang='lat' dir='ltr'><strong>causam</strong></span> <span class='ocrx_word' id='word_1_227' title='bbox 1109 3987 1242 4075; x_wconf 88' lang='lat' dir='ltr'><strong>epistola</strong></span> <span class='ocrx_word' id='word_1_228' title='bbox 1256 3987 1326 4071; x_wconf 87' lang='lat' dir='ltr'><strong>ejus</strong></span> <span class='ocrx_word' id='word_1_229' title='bbox 1339 3986 1436 4051; x_wconf 85' lang='lat' dir='ltr'><strong>desti-</strong></span> 
     </span>
     <span class='ocr_line' id='line_1_35' title="bbox 484 4086 1435 4176; baseline 0.001 -25"><span class='ocrx_word' id='word_1_230' title='bbox 484 4099 560 4151; x_wconf 91' lang='lat' dir='ltr'><strong>nata</strong></span> <span class='ocrx_word' id='word_1_231' title='bbox 581 4086 744 4152; x_wconf 85' lang='lat' dir='ltr'><strong>Aristoteli</strong></span> <span class='ocrx_word' id='word_1_232' title='bbox 767 4111 869 4176; x_wconf 90' lang='lat' dir='ltr'><strong>nuper</strong></span> <span class='ocrx_word' id='word_1_233' title='bbox 892 4090 959 4154; x_wconf 90' lang='lat' dir='ltr'><strong>nati</strong></span> <span class='ocrx_word' id='word_1_234' title='bbox 974 4089 1159 4166; x_wconf 87' lang='lat' dir='ltr'><strong>Alexandri,</strong></span> <span class='ocrx_word' id='word_1_235' title='bbox 1177 4102 1211 4153; x_wconf 93' lang='lat' dir='ltr'><strong>ut</strong></span> <span class='ocrx_word' id='word_1_236' title='bbox 1235 4088 1435 4172; x_wconf 88' lang='lat' dir='ltr'><strong>sperabatur,</strong></span> 
     </span>
     <span class='ocr_line' id='line_1_36' title="bbox 482 4188 1436 4278; baseline 0.001 -23"><span class='ocrx_word' id='word_1_237' title='bbox 482 4189 638 4273; x_wconf 82' lang='lat' dir='ltr'><strong>magistro</strong></span> <span class='ocrx_word' id='word_1_238' title='bbox 654 4188 722 4251; x_wconf 89' lang='lat' dir='ltr'><strong>visa</strong></span> <span class='ocrx_word' id='word_1_239' title='bbox 735 4202 783 4254; x_wconf 89' lang='lat' dir='ltr'><strong>est</strong></span> <span class='ocrx_word' id='word_1_240' title='bbox 804 4190 856 4254; x_wconf 92' lang='lat' dir='ltr'><strong>hic</strong></span> <span class='ocrx_word' id='word_1_241' title='bbox 871 4191 1046 4255; x_wconf 85' lang='lat' dir='ltr'><strong>scribenda.</strong></span> <span class='ocrx_word' id='word_1_242' title='bbox 1091 4192 1152 4256; x_wconf 89' lang='lat' dir='ltr'><strong>Est</strong></span> <span class='ocrx_word' id='word_1_243' title='bbox 1167 4190 1269 4275; x_wconf 84' lang='lat' dir='ltr'><strong>igitur</strong></span> <span class='ocrx_word' id='word_1_244' title='bbox 1283 4204 1436 4278; x_wconf 89' lang='lat' dir='ltr'><strong>concepta</strong></span> 
     </span>
     <span class='ocr_line' id='line_1_37' title="bbox 482 4290 1436 4380; baseline 0.002 -25"><span class='ocrx_word' id='word_1_245' title='bbox 482 4291 525 4355; x_wconf 89' lang='lat' dir='ltr'><strong>ad</strong></span> <span class='ocrx_word' id='word_1_246' title='bbox 540 4290 622 4355; x_wconf 92' lang='lat' dir='ltr'><strong>hanc</strong></span> <span class='ocrx_word' id='word_1_247' title='bbox 636 4290 735 4355; x_wconf 81' lang='lat' dir='ltr'><strong>ferme</strong></span> <span class='ocrx_word' id='word_1_248' title='bbox 751 4294 1015 4358; x_wconf 87' lang='lat' dir='ltr'><strong>sententiam.-“</strong></span> <span class='ocrx_word' id='word_1_249' title='bbox 1026 4292 1198 4380; x_wconf 91' lang='lat' dir='ltr'><strong>Philippus</strong></span> <span class='ocrx_word' id='word_1_250' title='bbox 1213 4293 1378 4359; x_wconf 90' lang='lat' dir='ltr'><strong>Aristoteli</strong></span> <span class='ocrx_word' id='word_1_251' title='bbox 1390 4316 1436 4359; x_wconf 92' lang='lat' dir='ltr'><strong>sa-</strong></span> 
     </span>
     <span class='ocr_line' id='line_1_38' title="bbox 481 4392 1434 4482; baseline 0.001 -24"><span class='ocrx_word' id='word_1_252' title='bbox 481 4397 582 4461; x_wconf 89' lang='lat' dir='ltr'><strong>lutern</strong></span> <span class='ocrx_word' id='word_1_253' title='bbox 602 4393 690 4458; x_wconf 84' lang='lat' dir='ltr'><strong>dicit.</strong></span> <span class='ocrx_word' id='word_1_254' title='bbox 737 4392 857 4461; x_wconf 79' lang='lat' dir='ltr'><strong>Filium</strong></span> <span class='ocrx_word' id='word_1_255' title='bbox 878 4396 956 4461; x_wconf 90' lang='lat' dir='ltr'><strong>mihi</strong></span> <span class='ocrx_word' id='word_1_256' title='bbox 976 4396 1120 4481; x_wconf 85' lang='lat' dir='ltr'><strong>genitum</strong></span> <span class='ocrx_word' id='word_1_257' title='bbox 1145 4397 1235 4478; x_wconf 89' lang='lat' dir='ltr'><strong>scito,</strong></span> <span class='ocrx_word' id='word_1_258' title='bbox 1258 4420 1324 4482; x_wconf 94' lang='lat' dir='ltr'><strong>quo</strong></span> <span class='ocrx_word' id='word_1_259' title='bbox 1343 4398 1434 4482; x_wconf 91' lang='lat' dir='ltr'><strong>equi-</strong></span> 
     </span>
    </p>
   </div>
   <div class='ocr_carea' id='block_1_7' title="bbox 1514 4511 1540 4546">
    <p class='ocr_par' dir='ltr' id='par_1_7' title="bbox 1514 4511 1540 4546">
     <span class='ocr_line' id='line_1_39' title="bbox 1514 4511 1540 4546; baseline 0 -5"><span class='ocrx_word' id='word_1_260' title='bbox 1514 4511 1540 4546; x_wconf 66' lang='lat' dir='ltr'><strong>a?</strong></span> 
     </span>
    </p>
   </div>
   <div class='ocr_carea' id='block_1_8' title="bbox 0 0 1792 5575">
    <p class='ocr_par' dir='ltr' id='par_1_8' title="bbox 0 0 1792 5575">
     <span class='ocr_line' id='line_1_40' title="bbox 0 0 1792 5575; baseline 0 8"><span class='ocrx_word' id='word_1_261' title='bbox 0 0 1792 5575; x_wconf 95' lang='lat' dir='ltr'><strong> </strong></span> 
     </span>
    </p>
   </div>
  </div>
 </body>
</html>
