3575 5575
334 789 409 834 cnr.
426 775 487 852 1v.]
684 792 938 838 PothRATrCtJS.
1237 787 1300 844 227

333 940 409 1025 getii
430 942 491 1006 sub
511 943 614 1006 caruis
635 942 821 1007 infirmitate
836 944 1044 1025 vilesceret,a
1067 947 1216 1011 scandalo
1236 950 1295 1014 Ju-

334 1044 486 1120 daeorum,
512 1047 720 1132 gentiumque
742 1046 891 1123 stultitia,
912 1069 1008 1132 opera
1033 1049 1191 1126 crucifixi,
1218 1073 1292 1134 quae

330 1144 425 1208 etiam
439 1145 532 1209 famae
544 1146 725 1210 testimonio
738 1146 985 1224 roborabantur,
997 1148 1163 1233 exposuit;
1188 1174 1291 1235 quum

329 1245 418 1330 apud
431 1269 542 1311 omues
556 1260 727 1325 constaret,
742 1246 830 1333 quod
845 1270 884 1311 ea
899 1270 960 1312 non
977 1264 1083 1333 posset
1098 1250 1212 1329 facere,
1228 1252 1288 1316 nisi

333 1349 435 1414 Deus,
481 1349 544 1412 Sed
566 1348 642 1434 quia
662 1348 765 1412 multa
785 1350 818 1411 iu
841 1361 1012 1434 utramque
1033 1364 1155 1436 partem
1178 1353 1290 1417 crebro

327 1447 414 1510 fama
433 1448 597 1523 mentitur,
614 1449 715 1534 ipsam
733 1449 870 1534 juvabat
885 1449 1015 1526 samam,
1032 1452 1120 1538 quod
1137 1453 1284 1538 discipuli

331 1550 403 1632 ejus
424 1550 544 1633 majora
565 1549 736 1628 iaciebant,
758 1547 836 1616 dum
859 1548 899 1612 ad
924 1550 1069 1614 umbram
1092 1551 1289 1638 discipuli,a

333 1671 524 1735 quacunque
539 1649 725 1714 infirmitate
741 1650 934 1716 sanabantur
949 1652 1071 1735 aegroti.
1104 1653 1189 1727 Quid
1208 1656 1288 1719 mul-

333 1751 391 1816 ta?
429 1751 573 1816 Astutias
594 1749 785 1830 Aristotelis,
808 1751 985 1837 Chrysippi
1008 1756 1166 1831 acumina,
1188 1757 1287 1819 omni-

334 1871 455 1936 umque
476 1851 743 1936 Philosophorum
765 1850 944 1915 tendiculas
960 1874 1128 1938 resurgens
1143 1869 1289 1920 mortuus

334 1953 532 2019 confutabat.
577 1956 694 2018 Decios
714 1952 813 2016 duces
831 1953 1066 2034 Romanorum,
1087 1979 1120 2020 se
1141 1978 1200 2042 pro
1224 1957 1288 2022 suis

333 2054 527 2120 exercitibus
541 2053 705 2118 devovisse
725 2052 907 2137 percelebre
926 2066 984 2116 est.
1031 2055 1143 2119 Julius
1159 2081 1288 2143 quoque

334 2158 454 2232 Caesar,
468 2158 557 2235 Dux,
569 2153 687 2240 inquit,
699 2152 756 2238 qui
768 2173 831 2216 uon
845 2151 967 2218 laborat
979 2166 1016 2218 ut
1029 2154 1184 2220 militibus
1196 2180 1288 2222 carus

331 2257 383 2331 sit,
400 2256 532 2321 militem
548 2256 647 2321 nescit
662 2277 777 2319 amare.
820 2254 928 2318 Nescit
947 2255 1178 2321 humanitatem
1195 2257 1287 2322 ducis

331 2359 364 2422 in
390 2360 532 2423 exercitu
557 2358 711 2422 adversus
738 2357 845 2420 hostes
871 2378 947 2420 esse.
1003 2357 1094 2420 Idem
1123 2379 1287 2444 nunquam

332 2460 414 2524 dixit
434 2460 589 2526 militibus
605 2461 658 2524 Ite
682 2458 762 2538 huc;
793 2457 847 2521 sed
863 2461 987 2522 Venite.
1034 2459 1170 2524 Dicebat
1192 2461 1287 2537 enim,

333 2561 410 2648 quia
431 2562 644 2648 participatus
665 2582 737 2625 cum
760 2559 842 2623 duce
865 2559 966 2634 labor,
984 2559 1112 2623 videtur
1133 2561 1289 2627 militibus

332 2667 446 2730 minor.
490 2669 651 2731 Praeterea
670 2663 820 2746 voluptas
838 2662 992 2746 corporiS,
1012 2661 1121 2726 eodem
1147 2678 1287 2741 auctore,

333 2767 464 2832 vitanda
479 2779 539 2831 est.
583 2765 697 2831 Aiebat
720 2763 851 2827 enimin
867 2761 951 2827 bello
970 2784 1103 2848 corpora
1123 2764 1285 2830 hominum

331 2869 458 2955 gladiis,
486 2869 520 2931 in
558 2890 634 2954 pace
664 2865 887 2952 voluptatibus
917 2865 1085 2931 vulnerari.
1142 2868 1287 2931 Senserat

332 2972 416 3037 enim
438 2971 586 3056 gentium
608 2967 834 3053 triumphator,
859 2968 1056 3054 voluptatem
1081 2967 1286 3032 nullomodo

332 3088 397 3138 tam
418 3072 510 3138 facile
532 3071 688 3159 superari,
703 3093 800 3156 quam
822 3070 913 3155 luga,
928 3093 966 3133 eo
989 3070 1076 3155 quod
1099 3070 1213 3156 ipsum,
1230 3071 1287 3157 qui

330 3188 443 3260 gentes
465 3174 643 3250 domuerat,
668 3171 798 3236 Veneris
825 3172 962 3237 nexibus
984 3172 1149 3238 innodavit
1173 3172 1288 3236 mulier

329 3276 501 3363 impudica.

329 3533 409 3614 Cap.
427 3540 455 3594 4.
482 3534 573 3605 Quod
586 3534 704 3595 divina
720 3534 799 3613 lagia
813 3534 1005 3595 auctoritate
1019 3538 1144 3595 constat
1166 3536 1285 3613 prinei-

511 3654 588 3713 pem
602 3635 666 3713 legi
673 3634 819 3711 justitiae
832 3654 898 3697 erac
912 3634 1100 3712 subjectum.

376 3795 445 3856 Suu
461 3790 542 3877 quid
556 3790 595 3853 ad
608 3788 805 3853 emendicata
819 3790 963 3872 gentium
979 3786 1125 3872 exempla
1141 3786 1286 3865 decurro,

330 3918 405 3981 quae
417 3907 522 3960 tamen
535 3891 675 3979 plurima
686 3902 772 3970 sunt,
782 3912 885 3975 quum
901 3888 1017 3952 rectius
1033 3886 1170 3973 quisque
1186 3888 1284 3973 possit

330 3998 371 4063 ad
391 3996 537 4061 facienda
556 3994 693 4081 legibus,
714 4014 811 4077 quam
834 3990 987 4076 exemplis
1010 3990 1143 4074 urgeri?
1180 3993 1224 4055 At
1247 4013 1286 4055 ne

332 4100 438 4185 ipsum
460 4096 642 4182 Principem
664 4115 897 4181 usquequaque
921 4090 1060 4157 solutum
1075 4091 1199 4176 legibus
1220 4094 1287 4179 opi-

330 4199 426 4275 neris,
457 4198 535 4265 audi
562 4220 660 4284 quam
687 4196 790 4281 legem
820 4194 964 4281 imponat
996 4192 1200 4279 Principibus
1229 4218 1285 4258 rex

333 4322 469 4384 magnus
484 4322 580 4385 super
601 4320 726 4363 omnem
747 4310 865 4362 terram
886 4296 1046 4375 terribilis,
1062 4308 1093 4359 et
1109 4296 1166 4381 qui
1182 4296 1287 4361 aufert

334 4401 483 4486 spiritum
500 4400 704 4487 Principum:
741 4402 863 4477 Quum,
879 4399 996 4484 inquit,
1011 4398 1171 4482 ingressus
1186 4398 1286 4461 fueris

782 4509 838 4566 aa
