3575 5575
492 790 556 850 250
752 801 887 846 romnus
904 798 1179 845 snuusnsnruusrs
1303 780 1385 860 [sm.
1401 803 1444 846 1v.

491 965 636 1019 mentum
659 951 821 1029 subsistat,
845 950 925 1039 quid
951 950 984 1014 in
1008 972 1045 1014 eo
1066 949 1184 1036 poterit
1207 971 1276 1013 esse
1298 949 1441 1036 longum,
1521 1035 1527 1050 ·

489 1076 591 1140 quum
602 1076 640 1117 ea
648 1055 765 1131 omnia,
777 1053 802 1117 si
811 1051 1005 1135 colligantur
1012 1051 1046 1116 in
1056 1072 1260 1127 unum,veroe
1270 1051 1440 1119 aeternitati

488 1155 615 1232 collata,
630 1177 687 1219 nec
702 1155 814 1242 puncti
830 1153 960 1240 quidem
982 1153 1088 1217 locum
1103 1151 1279 1229 obtineant,
1295 1175 1332 1216 eo
1354 1153 1442 1239 quod

489 1256 650 1323 finitorum
677 1258 718 1323 ad
743 1255 869 1321 infinita
890 1254 1020 1319 omnino
1043 1253 1132 1318 nulla
1153 1265 1201 1318 est
1222 1254 1441 1339 comparatio?

490 1360 587 1424 Certe
613 1361 713 1424 centri
738 1357 779 1422 ad
804 1356 963 1444 rrgrpsgiav
987 1356 1036 1420 vel
1063 1353 1360 1435 circumferentiam,
1381 1357 1443 1422 etsi

489 1459 615 1544 exigua,
638 1459 747 1544 aliqua
769 1472 886 1538 tomen,
910 1471 946 1524 ut
972 1457 1117 1544 pluribus
1142 1456 1257 1544 placet,
1278 1457 1442 1543 proportio

451 1571 457 1580 '
489 1574 556 1640 est3
587 1560 772 1627 aeternitatis
794 1574 826 1626 et
852 1562 1005 1648 temporis
1026 1561 1123 1626 nulla.
1170 1560 1256 1638 Quid
1279 1583 1354 1646 ergo
1376 1561 1443 1623 lon-

487 1686 566 1749 gum
580 1665 640 1728 erit
655 1663 689 1726 in
703 1687 751 1742 eo,
767 1663 856 1749 quod
872 1676 975 1729 totum
995 1664 1091 1728 breve
1104 1675 1173 1728 est:
1203 1674 1259 1727 aut
1279 1685 1353 1749 quaa
1368 1662 1440 1726 bea-

487 1765 592 1831 titudo
603 1766 756 1852 temporis
769 1766 882 1830 animae
894 1765 1054 1831 videbitur
1068 1765 1233 1845 diuturna,
1246 1765 1272 1828 si
1287 1787 1322 1828 ea
1338 1763 1440 1828 fidelis
1477 1821 1481 1825 .

489 1878 521 1930 et
543 1876 697 1952 perpetua
723 1867 840 1946 anima,
859 1879 908 1932 est
930 1865 1130 1952 quantolibet
1151 1879 1296 1951 tempore
1318 1887 1443 1930 emenso

487 1967 653 2033 caritura?
691 1969 755 2034 Sed
769 1992 830 2053 ego
844 1971 876 2032 in
893 1967 962 2033 loco
982 1969 1055 2046 isto,
1072 1980 1107 2034 ut
1124 1981 1228 2033 tamen
1244 1967 1311 2032 sine
1324 1968 1443 2054 praeju-

488 2069 572 2134 dicio
595 2071 759 2136 sententiaa
784 2070 923 2134 melioris
950 2071 1001 2134 vel
1024 2069 1154 2135 sanioris
1179 2070 1300 2134 dictum
1327 2068 1443 2133 iutelli-

487 2183 595 2256 gatur,
619 2171 708 2256 'longi
734 2171 886 2257 temporis
916 2195 1049 2258 regnum
1076 2172 1138 2237 dici
1168 2172 1315 2248 arbitror,
1340 2171 1441 2257 ipsius

489 2271 602 2338 animoe
625 2273 834 2339 indeficientis
864 2287 1003 2356 aetatem,
1026 2298 1121 2360 quarn
1152 2295 1211 2360 pro
1240 2275 1320 2339 bene
1341 2273 1440 2338 admi·

488 2375 623 2439 nistrato
641 2397 752 2461 regno,
767 2390 895 2441 aeteruoe
915 2375 1123 2442 beatitudinis
1142 2376 1245 2462 gloria
1265 2376 1438 2441 coronabit.

489 2477 598 2552 Quum
610 2476 692 2540 enim
709 2489 832 2541 certum
846 2479 887 2543 sit
904 2477 990 2562 quod
1007 2479 1097 2542 Deus
1112 2477 1328 2542 remunerabit
1343 2499 1440 2563 opera

488 2575 686 2662 singulorum
703 2589 735 2641 et
756 2578 896 2643 omnium
915 2581 947 2642 in
964 2578 1177 2643 misericordia
1193 2580 1294 2657 uberi,
1310 2580 1359 2643 vel
1370 2581 1440 2666 jus-

488 2679 561 2743 titia
581 2678 734 2765 pleniori3
770 2701 852 2764 quos
874 2677 994 2744 lumine
1016 2678 1139 2743 clariori
1162 2683 1318 2766 respiciet,
1343 2703 1438 2764 quarn

486 2780 558 2846 illos
586 2781 643 2869 qui
672 2805 780 2847 omnes
809 2780 849 2845 ad
876 2780 1037 2869 justitiam
1064 2795 1226 2860 exercent,
1254 2782 1305 2847 vel
1334 2806 1436 2848 secum

487 2883 642 2949 traxerint
664 2883 705 2947 ad
727 2888 885 2948 mortem?
926 2884 1015 2947 Sicut
1035 2906 1112 2967 ergo
1131 2896 1277 2970 potentes
1292 2898 1438 2971 potenter

487 2996 644 3048 tormenta
664 2985 838 3069 patientur,
858 2985 903 3048 sic
924 2998 955 3049 et
972 2984 1108 3070 justitiae
1128 2987 1269 3071 praemiis
1288 2986 1435 3051 fruentur
1509 2994 1513 3004 '

486 3083 623 3169 plenius,
641 3084 668 3147 si
689 3097 773 3150 recte
795 3086 994 3150 exercuerint
1017 3098 1236 3171 potentatum3
1262 3100 1295 3151 et
1316 3099 1435 3152 tantam

485 3185 517 3249 in
540 3186 651 3251 futuro
669 3208 738 3273 prae
752 3185 888 3252 subditis
903 3188 1066 3252 habebunt
1082 3188 1229 3273 gloriam,
1244 3201 1363 3275 quanta
1377 3188 1438 3253 vir·

486 3299 557 3351 tute
575 3310 629 3350 eos
649 3288 682 3351 iu
703 3311 818 3374 magna
837 3288 1045 3375 delinquendi
1060 3289 1187 3356 licentia
1202 3302 1436 3377 praecesserunt.

487 3388 612 3472 Potuit,
627 3388 743 3476 inquit,
764 3392 966 3477 transgredi;
994 3406 1026 3457 et
1046 3416 1109 3458 uon
1132 3407 1179 3459 est
1201 3408 1434 3480 transgressus;

484 3490 588 3555 facere
614 3491 707 3569 mala,
730 3505 762 3557 et
784 3516 847 3558 non
871 3495 965 3560 iecit:
995 3494 1068 3559 ideo
1090 3498 1231 3562 stabilita
1253 3509 1328 3562 sunt
1349 3498 1433 3562 bona

486 3593 573 3660 illius
592 3597 625 3659 in
646 3595 795 3661 Domino.
841 3598 891 3662 Ad
908 3598 1067 3684 justitiam
1083 3621 1222 3687 namque
1237 3600 1436 3688 principibus

459 3728 470 3743 ·
484 3709 654 3784 reputatur
667 3697 763 3762 etiam
780 3721 882 3784 quum
898 3712 1077 3785 temperant
1092 3704 1133 3766 ab
1156 3702 1303 3788 injuriis:
1334 3716 1366 3765 et
1389 3702 1436 3765 fa·

483 3799 586 3866 cultas
608 3800 825 3889 delinquendi,
844 3815 892 3867 est
912 3802 957 3866 eis
978 3802 1111 3867 materia
1130 3805 1325 3869 meritorum.
1370 3807 1436 3866 De-

484 3902 603 3968 clinure
625 3927 645 3967 u
670 3906 755 3969 malo
783 3905 884 3970 ineis
912 3927 1064 3991 magnum
1088 3919 1147 3983 est,
1171 3906 1293 3971 etiarnsi
1319 3926 1434 3986 magna

484 4000 568 4064 bona
589 4025 651 4066 uon
673 4006 804 4089 faciunt,
827 4008 906 4073 dum
930 4021 1035 4073 tumen
1063 4007 1209 4073 subditos
1233 4005 1434 4091 indulgentia

484 4102 638 4167 malorum
659 4129 722 4170 non
743 4110 910 4193 perimant.
955 4112 1069 4174 Nonne
1090 4130 1239 4191 maguum
1264 4120 1325 4187 est,
1342 4106 1432 4194 quod

484 4204 689 4271 beatitudinis
700 4230 795 4294 quam
806 4210 923 4277 babere
933 4212 1094 4287 videntur,
1104 4209 1148 4275 eis
1164 4210 1286 4275 sirecte
1298 4212 1432 4295 egerint,

483 4307 683 4392 promittitur
697 4311 920 4378 continuatio?
944 4312 1145 4399 Impossibile
1160 4312 1272 4379 dicunt
1288 4314 1433 4402 quidam,

481 4421 514 4473 et
539 4409 591 4474 hic
616 4409 727 4477 florere
750 4436 822 4478 cum
846 4414 979 4494 mundo,
1002 4428 1034 4480 et
1055 4416 1088 4479 in
1114 4430 1268 4483 aeternum
1295 4417 1435 4504 gaudere
