3575 5575
350 811 421 856 car.
437 796 486 870 v.]
693 811 948 859 Ponrcnarrcus
1240 802 1300 860 231

349 961 522 1047 suscipiens
536 961 650 1041 filium,
667 962 843 1026 Ismaelem.
889 964 992 1028 Jacob
1014 986 1142 1050 quoque
1157 987 1299 1030 sororum

348 1062 407 1126 sibi
422 1062 588 1148 duplicato
609 1065 770 1149 conjugio,
791 1063 957 1128 foecundas
980 1065 1150 1130 earundem
1172 1067 1301 1132 ancillas

347 1164 491 1229 adscivit.
537 1165 643 1250 Atqui
655 1188 744 1249 reges
755 1178 919 1252 perpetuae
934 1167 1157 1253 prohibitionis
1167 1167 1302 1256 laqueus

348 1278 445 1336 tenet,
459 1280 491 1330 et
503 1290 522 1328 a
533 1267 674 1352 plurium
687 1289 819 1330 uxorem
831 1267 1035 1352 amplexibus
1046 1281 1143 1343 arcet,
1155 1277 1187 1332 et
1203 1292 1301 1354 quum

347 1367 379 1430 in
402 1367 472 1430 aliis
495 1368 601 1454 plures
624 1368 718 1431 unius
745 1391 812 1433 esse
835 1368 957 1432 licitum
987 1369 1095 1446 fuerit,
1118 1369 1149 1432 in
1172 1371 1302 1454 regibus

347 1482 504 1556 perpetuo
516 1471 650 1547 obtinet,
664 1484 699 1534 ut
715 1470 881 1533 unaunius
893 1471 943 1534 sit.
969 1471 1127 1557 Nunquid
1143 1471 1302 1552 fornicari,

349 1570 396 1633 vel
412 1569 598 1645 adulterari,
615 1584 805 1656 stuprumve
820 1571 1018 1635 committere
1029 1571 1102 1635 licet
1114 1595 1186 1635 cum
1203 1574 1303 1658 pluri·

349 1673 421 1746 bus,
437 1693 538 1756 quum
554 1693 612 1735 nec
626 1672 721 1736 etiam
737 1673 861 1756 generis
876 1673 1113 1759 multiplicandi
1128 1698 1233 1753 causa,
1249 1690 1304 1741 aut

350 1773 537 1860 procreandi
560 1773 703 1850 heredes,
720 1773 813 1838 liceat
836 1774 990 1838 uxoribus
1005 1775 1194 1841 admisceri?
1218 1781 1305 1852 Quo-

351 1875 445 1938 modo
472 1889 595 1962 stupra‚
622 1875 791 1954 adulteria,
816 1889 873 1940 aut
899 1876 1058 1962 quaslibet
1083 1877 1305 1943 fornicationes

350 1976 462 2063 puniet
494 1990 634 2060 potestas
664 1978 781 2042 eisdem
809 1976 952 2060 subjecta
980 1980 1191 2043 criminibus?
1237 1981 1305 2044 Nec

350 2103 464 2144 uxores
488 2079 592 2144 David
624 2078 793 2165 quisquam
816 2079 958 2165 objiciat,
980 2079 1037 2166 qui
1060 2081 1143 2144 forte
1172 2081 1203 2146 in
1234 2081 1304 2158 hoc,

350 2182 431 2245 sicut
455 2196 487 2246 et
511 2180 544 2243 in
571 2181 682 2245 multis
707 2181 788 2258 aliis,
815 2181 944 2268 speciali
974 2181 1141 2268 privilegio
1170 2182 1304 2270 gaudet.

351 2283 443 2349 Licet
465 2283 558 2347 facile
580 2283 797 2360 concesserim,
821 2284 910 2369 quod
932 2296 964 2348 et
987 2283 1108 2370 ipsein
1132 2285 1190 2350 hac
1213 2300 1304 2374 parte

350 2384 531 2470 deliquerit.
579 2386 659 2446 Sane
671 2406 744 2447 eum
756 2381 888 2448 affectus
901 2383 954 2447 ille
967 2385 1113 2466 uxorius
1124 2386 1305 2472 proditione

351 2499 383 2550 et
399 2485 579 2560 homicidio,
596 2486 629 2549 in
645 2485 841 2549 adulterium
863 2485 1008 2573 impegit,
1024 2510 1081 2551 nec
1102 2487 1133 2551 in
1150 2489 1235 2554 illius
1250 2513 1306 2554 ex·

350 2589 512 2652 cusatione
536 2578 657 2667 laboro,
687 2587 744 2673 qui
774 2587 961 2673 prophetica
987 2601 1162 2652 conventus
1182 2604 1213 2655 et
1234 2615 1307 2654 con-

351 2690 455 2753 victus
470 2689 633 2773 parabola,
650 2688 788 2773 seipsum
805 2687 910 2748 virum
928 2687 1039 2751 mortis
1054 2709 1120 2750 esse
1130 2689 1306 2772 respondit.

354 2792 465 2857 Habes
480 2792 589 2875 itaque
605 2810 722 2873 regem,
737 2810 809 2852 cum
832 2779 961 2871 regibus
991 2787 1228 2875 delinquentem
1242 2817 1251 2870 ;
1274 2806 1306 2857 et

353 2894 476 2958 utinam
498 2914 570 2955 cum
595 2892 768 2978 poenitente
790 2890 976 2976 poeniteant,
1000 2905 1031 2957 et
1054 2893 1214 2959 fateantur
1232 2918 1306 2959 cum

353 2996 525 3059 confitente
544 2993 683 3080 culpam,
701 3006 733 3057 et
754 2992 982 3057 satisfacientes
1004 3016 1078 3059 cum
1097 2993 1308 3061 satisfaciente

352 3109 554 3160 revertantur
570 3096 612 3159 ad
628 3095 736 3159 vitam.
760 3098 867 3180 Ipsam
879 3118 1010 3182 quoque
1022 3095 1208 3182 sapientiam
1221 3097 1308 3163 Salo-

352 3197 454 3260 monis
468 3196 637 3261 mulierum
653 3196 823 3260 infatuavit
840 3218 938 3261 amor.
978 3196 1145 3283 Sequitur:
1170 3202 1237 3263 Nec
1253 3199 1308 3263 ha-

351 3299 440 3364 bebit
451 3302 575 3384 argenti
585 3312 617 3364 et
628 3298 698 3361 auri
710 3296 862 3362 immensa
870 3297 1021 3382 pondera.
1067 3300 1153 3364 Eunt
1165 3322 1260 3379 nunc,
1276 3312 1308 3367 et

353 3400 492 3463 Domino
508 3400 708 3485 prohibente,
721 3412 888 3481 argentum
907 3398 966 3462 sibi
982 3411 1013 3463 et
1025 3421 1139 3463 aurum
1153 3399 1308 3464 thesauri·

354 3518 438 3577 zent,
450 3500 600 3563 facientes
610 3524 650 3565 ex
660 3500 998 3585 calumniaquaestum,
1009 3501 1048 3565 de
1060 3504 1307 3589 paupertatibus

354 3601 487 3665 aliorum
503 3602 732 3665 abundantiam
753 3616 913 3687 quaerant,
928 3601 968 3665 de
984 3603 1103 3688 rapinis
1125 3603 1260 3682 divitias,
1275 3618 1307 3669 et

354 3703 548 3790 singularem
571 3701 630 3765 sibi
653 3702 885 3765 beatitudinem
910 3715 1052 3768 statuant
1074 3705 1108 3766 in
1130 3704 1309 3769 calamitate

355 3806 543 3871 multorum.
589 3804 652 3867 Sed
683 3803 805 3888 copiam
837 3803 1014 3867 Salomonis
1042 3803 1153 3888 objicit
1183 3803 1307 3891 aliquis.

356 3910 447 3988 Esto,
473 3907 650 3994 principem
675 3898 866 3989 locupletem
894 3904 962 3967 lieri
987 3927 1051 3968 non
1066 3905 1230 3989 prohibeo,
1254 3909 1309 3973 sed

354 4032 495 4074 avarum.
512 4011 625 4072 Nonne
637 4028 751 4071 aurum
761 4018 792 4069 et
802 4019 970 4090 argentum
985 4006 1159 4071 Salomonis
1169 4021 1310 4095 tempore

356 4113 543 4178 viluerunt?
567 4113 640 4175 Non
665 4110 777 4196 utique
794 4108 970 4186 viluissent,
987 4110 1012 4173 si
1036 4132 1144 4174 eorum
1160 4110 1311 4177 immensa

357 4214 508 4297 pondera,
531 4227 562 4278 et
585 4236 657 4300 quae
683 4235 776 4276 usum
795 4211 997 4291 excederent,
1014 4213 1073 4277 sibi
1092 4231 1149 4276 rex
1172 4215 1312 4301 cupidus

358 4320 573 4400 congessisset.
619 4318 773 4379 Potuerat
800 4338 837 4378 ea
856 4315 889 4378 in
915 4328 1032 4379 terram
1055 4315 1228 4398 defodiens,
1248 4341 1314 4401 quo

357 4417 482 4481 cariora
506 4418 631 4497 fierent,
649 4417 798 4482 humanis
822 4417 934 4481 usibus
961 4415 1166 4482 subtraxisse.
1213 4420 1314 4505 Apud
