3575 5575
345 796 420 842 cnr.
437 776 497 863 1v.]
684 790 939 838 mrrcnnrrcus.
1254 764 1295 825 al

346 960 405 1027 est,
419 950 447 1011 si
461 949 595 1011 honesta
611 968 708 1011 causa
728 945 934 1028 praecesserit.
973 941 1054 1015 Quis
1069 947 1176 1002 tamen
1191 934 1295 998 homi-

344 1070 421 1112 uum
448 1069 630 1132 canumque
660 1047 840 1111 construxit
864 1043 1052 1119 exercitum,
1078 1050 1204 1102 utnon
1230 1048 1297 1099 tam

344 1172 412 1229 sua,
439 1172 532 1235 quam
561 1150 665 1214 aliena
695 1149 824 1225 virtute,
849 1168 924 1209 cum
949 1144 1060 1208 bestiis
1086 1137 1295 1204 dimicarent?

346 1250 489 1325 Quidni?
527 1252 687 1315 infelicem
717 1250 887 1314 bestiolam
917 1248 1120 1332 lepusculum
1148 1242 1294 1306 timidum

344 1363 434 1417 tanto
448 1354 582 1416 fortasse
600 1352 796 1436 proedabitur
811 1362 976 1435 apparatu.
1014 1349 1051 1411 Si
1069 1368 1143 1410 vero
1164 1344 1295 1409 clariore

345 1454 464 1537 praeda,
474 1476 569 1517 cervo
581 1454 660 1516 forte
671 1453 725 1516 vel
738 1474 827 1534 apro,
836 1452 1021 1515 venantium
1030 1449 1122 1511 labor
1133 1444 1296 1517 effulserit,

346 1554 383 1617 tit
411 1556 543 1637 plausus
572 1554 793 1627 intolerabilis,
824 1553 971 1615 exultant
998 1560 1171 1625 venatores,
1197 1554 1296 1627 capnt

345 1655 465 1739 praedae
488 1666 520 1717 et
544 1654 700 1718 solemnia
724 1652 871 1737 quaedam
895 1652 1001 1736 spolia
1027 1646 1298 1732 triumphantibus

344 1752 563 1840 praet‘emntur,
574 1775 682 1834 regem
698 1752 932 1836 Cappadocum
943 1761 1071 1834 captum
1087 1747 1210 1811 credas.
1240 1745 1296 1809 Sic

345 1858 526 1923 cornicines
540 1867 572 1920 ct
585 1856 734 1920 tibicines
755 1855 865 1918 videas
881 1854 1021 1918 victoriae
1042 1854 1174 1934 gloriam
1190 1849 1297 1913 decla·

347 1979 424 2022 rare.
463 1960 532 2021 Illis
554 1965 702 2021 moestum
724 1956 840 2020 indicit
860 1956 978 2020 femina
1000 1966 1096 2037 capta
1118 1952 1298 2029 silentium3

345 2062 397 2124 vel
413 2060 439 2123 si
455 2061 535 2123 forte
557 2058 665 2143 praeda
683 2059 833 2135 nobilior,
849 2057 1167 2122 circumvenientium
1189 2055 1298 2138 potius
1337 2066 1344 2087 ‘⁷

345 2162 466 2238 frauda,
481 2183 577 2245 quam
593 2162 712 2225 viribus
728 2170 955 2243 prosternatur.
999 2160 1035 2223 si
1050 2159 1230 2242 capreolus,
1246 2157 1297 2218 vel

345 2265 438 2346 lepus
461 2263 624 2341 ceciderit,
646 2264 801 2348 triumphi
827 2264 929 2345 gloria
949 2271 1114 2346 reputatur
1138 2260 1298 2340 indignus.
1356 2330 1361 2355 1

346 2367 503 2430 Praetarea
518 2368 558 2429 ab
575 2377 687 2429 octavo
704 2366 804 2449 gradu
820 2366 1009 2449 capricorni,
1024 2385 1127 2449 usque
1142 2361 1183 2425 ad
1199 2360 1298 2443 gemi-

347 2488 417 2545 nos,
433 2468 601 2531 tibicinum
625 2478 657 2532 et
679 2468 877 2533 cornicinum
901 2468 1057 2531 exultatio
1078 2463 1297 2548 conquiescit3

347 2566 411 2629 nisi
429 2568 525 2650 lupus
545 2576 601 2629 ant
620 2566 722 2630 hostis
742 2566 923 2641 immanior,
942 2567 992 2629 leo
1015 2566 1106 2640 forte,
1126 2567 1177 2627 vel
1199 2564 1300 2643 tigris,

347 2678 404 2731 ant
413 2668 545 2751 pardus
555 2668 587 2728 in
596 2667 738 2749 praedam
747 2666 880 2744 venerit,
890 2676 963 2750 q'uae
972 2666 1100 2747 quidem
1110 2674 1298 2735 nostratum,

349 2766 423 2831 Deo
442 2765 648 2849 propitiante,
667 2785 737 2827 rara
756 2761 934 2846 gloriaest,
956 2785 1054 2849 quum
1075 2774 1180 2826 tamen
1200 2763 1299 2826 totius

349 2867 424 2930 anni
451 2867 617 2950 prolixitas
642 2867 737 2929 variis
761 2867 945 2931 venantium
973 2865 1088 2930 studiis
1109 2874 1298 2948 occupetur.

347 2967 465 3033 Albani
485 2966 624 3052 quidem·
637 2968 672 3031 in
687 2969 764 3031 Asia
787 2989 884 3032 canes
906 2971 1028 3032 habent
1048 2970 1198 3032 leonibus
1212 2969 1299 3030 forti·

344 3091 432 3134 ores:
456 3091 512 3132 eos
527 3070 642 3133 virtute
658 3091 785 3148 canum,
800 3080 833 3134 et
848 3092 914 3134 suae
930 3072 1035 3153 gantis
1050 3071 1197 3144 artificio,
1209 3071 1300 3155 quasi

346 3172 492 3235 imbelles
507 3171 662 3234 bestiolas
681 3175 884 3255 populantur.
923 3175 1067 3239 Canibus
1089 3173 1219 3257 quidem
1233 3172 1300 3235 illis

345 3274 434 3336 nulla
448 3273 582 3336 ferarum
599 3274 718 3352 fortior,
733 3276 821 3337 nulla
837 3277 1010 3338 animosior
1024 3286 1081 3338 est.
1129 3271 1199 3338 Hos
1215 3275 1299 3337 Her-

346 3377 435 3439 cules
454 3375 632 3455 tergemino
653 3376 794 3439 Gerione
815 3378 911 3448 victo,
935 3380 976 3441 ab
1001 3376 1096 3440 Italia
1117 3377 1243 3463 trajecit
1264 3378 1298 3440 in

346 3475 468 3553 Asiam,
479 3477 525 3539 eis
540 3477 685 3539 virtutem
703 3498 766 3561 qua
780 3479 891 3542 leones
906 3487 1093 3556 sternerent,
1105 3479 1194 3562 quasi
1209 3479 1299 3541 here-

346 3577 494 3640 ditariam
517 3577 751 3661 derelinquens.
797 3579 846 3642 Ad
874 3582 943 3644 haec
968 3580 1166 3644 carnificium
1189 3601 1299 3642 eorum

346 3687 445 3742 artem
461 3677 572 3759 exigit,
589 3688 622 3740 ct
636 3689 736 3742 artem
750 3680 837 3756 facit,
854 3703 946 3744 suum
961 3684 1060 3745 habet
1074 3680 1235 3763 opificem,

525 3782 729 3836 chironomanta
740 3783 838 3836 volanti
851 3785 974 3850 Cnltello,

347 3903 433 3946 nunc
454 3882 593 3965 pugione
614 3881 735 3957 stricto,
751 3902 838 3944 nunc
859 3883 1010 3947 hebetata
1030 3884 1189 3948 machaera
1208 3886 1301 3949 mira-

347 3984 434 4061 bilis,
449 3983 477 4045 si
495 3992 526 4045 te
542 4002 621 4045 casu
643 3981 807 4045 solemniis
827 4003 937 4046 eorum
957 3984 1125 4066 contigerit
1139 3985 1300 4050 interesse.

349 4083 436 4147 Cave
452 4093 559 4146 tamen
575 4104 616 4144 ne
632 4083 768 4146 Martem
784 4084 940 4168 loquendi
959 4088 1056 4149 verbo
1072 4087 1184 4170 quovis
1199 4090 1301 4152 offen-

350 4183 427 4260 das3
454 4184 530 4266 quia
544 4194 599 4246 aut
614 4184 791 4265 vapulabis,
807 4195 862 4247 ant
882 4185 1147 4250 condemnaberis
1164 4189 1300 4253 inscitiae

349 4283 508 4344 bonorum
532 4284 687 4361 omnium,
712 4285 738 4347 si
764 4307 874 4349 eorum
900 4287 1053 4369 figmenta
1077 4311 1141 4351 non
1166 4289 1302 4351 noveris.

351 4383 434 4445 Haec
444 4392 518 4445 sunt
529 4385 727 4464 temporibus
736 4387 852 4448 nostris
863 4389 1007 4450 liberalia
1018 4389 1173 4451 nobilium
1185 4387 1302 4466 studia,
