<?xml version="1.0" encoding="UTF-8"?>
<!DOCTYPE html PUBLIC "-//W3C//DTD XHTML 1.0 Transitional//EN"
    "http://www.w3.org/TR/xhtml1/DTD/xhtml1-transitional.dtd">
<html xmlns="http://www.w3.org/1999/xhtml" xml:lang="en" lang="en">
 <head>
  <title>
</title>
<meta http-equiv="Content-Type" content="text/html;charset=utf-8" />
  <meta name='ocr-system' content='tesseract 3.04.00' />
  <meta name='ocr-capabilities' content='ocr_page ocr_carea ocr_par ocr_line ocrx_word'/>
</head>
<body>
  <div class='ocr_page' id='page_1' title='image "./joannissaresber12johngoog_0057.png"; bbox 0 0 3575 5575; ppageno 0'>
   <div class='ocr_carea' id='block_1_1' title="bbox 566 228 1669 503">
    <p class='ocr_par' dir='ltr' id='par_1_1' title="bbox 566 228 1669 503">
     <span class='ocr_line' id='line_1_1' title="bbox 566 228 1669 503; baseline 0.033 -72"><span class='ocrx_word' id='word_1_1' title='bbox 566 228 990 457; x_wconf 52' lang='lat' dir='ltr'><strong>laetatae.</strong></span> <span class='ocrx_word' id='word_1_2' title='bbox 1069 252 1277 463; x_wconf 47' lang='lat' dir='ltr'><strong>soff</strong></span> <span class='ocrx_word' id='word_1_3' title='bbox 1333 368 1395 498; x_wconf 35' lang='lat' dir='ltr'><strong>a!</strong></span> <span class='ocrx_word' id='word_1_4' title='bbox 1429 266 1669 503; x_wconf 52' lang='lat' dir='ltr'><strong>eisaei„</strong></span> 
     </span>
    </p>
   </div>
   <div class='ocr_carea' id='block_1_2' title="bbox 326 761 1277 841">
    <p class='ocr_par' dir='ltr' id='par_1_2' title="bbox 326 761 1277 841">
     <span class='ocr_line' id='line_1_2' title="bbox 326 761 1277 841; baseline 0.003 -22"><span class='ocrx_word' id='word_1_5' title='bbox 326 761 491 841; x_wconf 68' lang='lat' dir='ltr'><strong>cinxia]</strong></span> <span class='ocrx_word' id='word_1_6' title='bbox 666 777 920 823; x_wconf 79' lang='lat' dir='ltr'><strong>eonrcnarrcus.</strong></span> <span class='ocrx_word' id='word_1_7' title='bbox 1236 767 1277 823; x_wconf 86' lang='grc'><strong>47</strong></span> 
     </span>
    </p>
   </div>
   <div class='ocr_carea' id='block_1_3' title="bbox 324 923 1279 1115">
    <p class='ocr_par' dir='ltr' id='par_1_3' title="bbox 324 923 1279 1115">
     <span class='ocr_line' id='line_1_3' title="bbox 324 923 1277 1016; baseline 0.003 -28"><span class='ocrx_word' id='word_1_8' title='bbox 324 923 547 1009; x_wconf 82' lang='lat' dir='ltr'><strong>geomantiam,</strong></span> <span class='ocrx_word' id='word_1_9' title='bbox 562 924 743 1016; x_wconf 84' lang='lat' dir='ltr'><strong>multasque</strong></span> <span class='ocrx_word' id='word_1_10' title='bbox 764 929 882 1016; x_wconf 87' lang='lat' dir='ltr'><strong>species</strong></span> <span class='ocrx_word' id='word_1_11' title='bbox 902 926 1025 992; x_wconf 88' lang='lat' dir='ltr'><strong>videbis</strong></span> <span class='ocrx_word' id='word_1_12' title='bbox 1040 948 1080 991; x_wconf 85' lang='lat' dir='ltr'><strong>ex</strong></span> <span class='ocrx_word' id='word_1_13' title='bbox 1101 926 1150 992; x_wconf 83' lang='lat' dir='ltr'><strong>lris</strong></span> <span class='ocrx_word' id='word_1_14' title='bbox 1164 928 1277 1013; x_wconf 86' lang='lat' dir='ltr'><strong>capiti-</strong></span> 
     </span>
     <span class='ocr_line' id='line_1_4' title="bbox 326 1026 1279 1115; baseline 0.003 -26"><span class='ocrx_word' id='word_1_15' title='bbox 326 1026 388 1091; x_wconf 91' lang='lat' dir='ltr'><strong>bus</strong></span> <span class='ocrx_word' id='word_1_16' title='bbox 413 1029 583 1114; x_wconf 84' lang='lat' dir='ltr'>pullulare,</span> <span class='ocrx_word' id='word_1_17' title='bbox 605 1031 670 1096; x_wconf 88' lang='lat' dir='ltr'><strong>sive</strong></span> <span class='ocrx_word' id='word_1_18' title='bbox 691 1044 770 1112; x_wconf 85' lang='lat' dir='ltr'><strong>arte,</strong></span> <span class='ocrx_word' id='word_1_19' title='bbox 792 1034 859 1095; x_wconf 90' lang='lat' dir='ltr'><strong>sive</strong></span> <span class='ocrx_word' id='word_1_20' title='bbox 888 1032 997 1094; x_wconf 80' lang='lat' dir='ltr'><strong>furore</strong></span> <span class='ocrx_word' id='word_1_21' title='bbox 1025 1028 1180 1095; x_wconf 85' lang='lat' dir='ltr'><strong>divinatio</strong></span> <span class='ocrx_word' id='word_1_22' title='bbox 1208 1051 1279 1115; x_wconf 88' lang='lat' dir='ltr'><strong>per·</strong></span> 
     </span>
    </p>
   </div>
   <div class='ocr_carea' id='block_1_4' title="bbox 326 1130 1280 1318">
    <p class='ocr_par' dir='ltr' id='par_1_4' title="bbox 326 1130 1280 1318">
     <span class='ocr_line' id='line_1_5' title="bbox 326 1130 1280 1218; baseline 0.002 -25"><span class='ocrx_word' id='word_1_23' title='bbox 326 1143 460 1214; x_wconf 79' lang='lat' dir='ltr'><strong>agatur:</strong></span> <span class='ocrx_word' id='word_1_24' title='bbox 494 1155 631 1217; x_wconf 89' lang='lat' dir='ltr'><strong>quarum</strong></span> <span class='ocrx_word' id='word_1_25' title='bbox 658 1133 795 1215; x_wconf 89' lang='lat' dir='ltr'><strong>nomina,</strong></span> <span class='ocrx_word' id='word_1_26' title='bbox 816 1132 953 1218; x_wconf 83' lang='lat' dir='ltr'><strong>exempli</strong></span> <span class='ocrx_word' id='word_1_27' title='bbox 977 1153 1082 1211; x_wconf 89' lang='lat' dir='ltr'><strong>causa,</strong></span> <span class='ocrx_word' id='word_1_28' title='bbox 1105 1130 1155 1196; x_wconf 91' lang='lat' dir='ltr'><strong>vel</strong></span> <span class='ocrx_word' id='word_1_29' title='bbox 1177 1154 1280 1217; x_wconf 89' lang='lat' dir='ltr'><strong>pauca</strong></span> 
     </span>
     <span class='ocr_line' id='line_1_6' title="bbox 327 1231 504 1318; baseline 0.023 -23"><span class='ocrx_word' id='word_1_30' title='bbox 327 1231 504 1318; x_wconf 81' lang='lat' dir='ltr'><strong>subjiciam.</strong></span> 
     </span>
    </p>
   </div>
   <div class='ocr_carea' id='block_1_5' title="bbox 329 1502 1284 1887">
    <p class='ocr_par' dir='ltr' id='par_1_5' title="bbox 329 1502 1284 1887">
     <span class='ocr_line' id='line_1_7' title="bbox 329 1502 1279 1586; baseline -0.002 -21"><span class='ocrx_word' id='word_1_31' title='bbox 329 1502 409 1586; x_wconf 86' lang='lat' dir='ltr'><strong>Cap.</strong></span> <span class='ocrx_word' id='word_1_32' title='bbox 439 1506 487 1565; x_wconf 80' lang='lat' dir='ltr'><strong>le.</strong></span> <span class='ocrx_word' id='word_1_33' title='bbox 523 1505 588 1577; x_wconf 72' lang='lat' dir='ltr'><strong>Qut</strong></span> <span class='ocrx_word' id='word_1_34' title='bbox 616 1506 684 1566; x_wconf 84' lang='lat' dir='ltr'><strong>sint</strong></span> <span class='ocrx_word' id='word_1_35' title='bbox 711 1506 940 1577; x_wconf 82' lang='lat' dir='ltr'><strong>incantatores,</strong></span> <span class='ocrx_word' id='word_1_36' title='bbox 971 1504 1075 1580; x_wconf 79' lang='lat' dir='ltr'><strong>arioli,</strong></span> <span class='ocrx_word' id='word_1_37' title='bbox 1103 1503 1279 1583; x_wconf 74' lang='lat' dir='ltr'><strong><em>aruspices,</em></strong></span> 
     </span>
     <span class='ocr_line' id='line_1_8' title="bbox 368 1603 1284 1704; baseline -0.003 -40"><span class='ocrx_word' id='word_1_38' title='bbox 368 1604 504 1683; x_wconf 71' lang='lat' dir='ltr'><strong>physici,</strong></span> <span class='ocrx_word' id='word_1_39' title='bbox 515 1603 1093 1704; x_wconf 54' lang='lat' dir='ltr'><strong>vultivolie&#39;mupiraarii,conjectores,</strong></span> <span class='ocrx_word' id='word_1_40' title='bbox 1109 1604 1284 1665; x_wconf 76' lang='lat' dir='ltr'><strong>chiroman-</strong></span> 
     </span>
     <span class='ocr_line' id='line_1_9' title="bbox 372 1702 1284 1784; baseline -0.002 -19"><span class='ocrx_word' id='word_1_41' title='bbox 372 1704 438 1777; x_wconf 83' lang='lat' dir='ltr'><strong>tici,</strong></span> <span class='ocrx_word' id='word_1_42' title='bbox 460 1704 642 1784; x_wconf 82' lang='lat' dir='ltr'><strong>specularii,</strong></span> <span class='ocrx_word' id='word_1_43' title='bbox 662 1704 888 1779; x_wconf 74' lang='lat' dir='ltr'><strong>mathematici,</strong></span> <span class='ocrx_word' id='word_1_44' title='bbox 902 1702 1111 1778; x_wconf 83' lang='lat' dir='ltr'><strong>salissatores,</strong></span> <span class='ocrx_word' id='word_1_45' title='bbox 1130 1702 1284 1782; x_wconf 82' lang='lat' dir='ltr'><strong>sortilegi,</strong></span> 
     </span>
     <span class='ocr_line' id='line_1_10' title="bbox 374 1824 527 1887; baseline 0.007 -20"><span class='ocrx_word' id='word_1_46' title='bbox 374 1824 527 1887; x_wconf 78' lang='lat' dir='ltr'><strong>augures.</strong></span> 
     </span>
    </p>
   </div>
   <div class='ocr_carea' id='block_1_6' title="bbox 331 1942 1284 2135">
    <p class='ocr_par' dir='ltr' id='par_1_6' title="bbox 331 1942 1284 2135">
     <span class='ocr_line' id='line_1_11' title="bbox 373 1942 1283 2030; baseline 0 -23"><span class='ocrx_word' id='word_1_47' title='bbox 373 1948 627 2009; x_wconf 76' lang='lat' dir='ltr'><strong>Iucnnrnronns</strong></span> <span class='ocrx_word' id='word_1_48' title='bbox 641 1942 772 2030; x_wconf 90' lang='lat' dir='ltr'><strong>quidem</strong></span> <span class='ocrx_word' id='word_1_49' title='bbox 788 1955 872 2026; x_wconf 86' lang='lat' dir='ltr'><strong>sunt,</strong></span> <span class='ocrx_word' id='word_1_50' title='bbox 884 1942 939 2029; x_wconf 90' lang='lat' dir='ltr'><strong>qui</strong></span> <span class='ocrx_word' id='word_1_51' title='bbox 954 1955 1054 2009; x_wconf 89' lang='lat' dir='ltr'><strong>artem</strong></span> <span class='ocrx_word' id='word_1_52' title='bbox 1071 1942 1175 2009; x_wconf 87' lang='lat' dir='ltr'><strong>verbis</strong></span> <span class='ocrx_word' id='word_1_53' title='bbox 1190 1964 1283 2009; x_wconf 88' lang='lat' dir='ltr'><strong>exer·</strong></span> 
     </span>
     <span class='ocr_line' id='line_1_12' title="bbox 331 2044 1284 2135; baseline 0.001 -26"><span class='ocrx_word' id='word_1_54' title='bbox 331 2058 412 2110; x_wconf 89' lang='lat' dir='ltr'><strong>cent.</strong></span> <span class='ocrx_word' id='word_1_55' title='bbox 457 2045 567 2135; x_wconf 60' lang='lat' dir='ltr'><strong>Qu,</strong></span> <span class='ocrx_word' id='word_1_56' title='bbox 597 2046 654 2132; x_wconf 92' lang='lat' dir='ltr'><strong>qui</strong></span> <span class='ocrx_word' id='word_1_57' title='bbox 683 2046 770 2111; x_wconf 89' lang='lat' dir='ltr'><strong>circa</strong></span> <span class='ocrx_word' id='word_1_58' title='bbox 798 2067 868 2109; x_wconf 84' lang='lat' dir='ltr'><strong>aras</strong></span> <span class='ocrx_word' id='word_1_59' title='bbox 897 2044 1051 2110; x_wconf 88' lang='lat' dir='ltr'><strong>nefandas</strong></span> <span class='ocrx_word' id='word_1_60' title='bbox 1068 2049 1198 2131; x_wconf 86' lang='lat' dir='ltr'><strong>preces,</strong></span> <span class='ocrx_word' id='word_1_61' title='bbox 1227 2058 1284 2110; x_wconf 89' lang='lat' dir='ltr'><strong>aut</strong></span> 
     </span>
    </p>
   </div>
   <div class='ocr_carea' id='block_1_7' title="bbox 331 2146 1288 3155">
    <p class='ocr_par' dir='ltr' id='par_1_7' title="bbox 331 2146 1288 3155">
     <span class='ocr_line' id='line_1_13' title="bbox 331 2146 1284 2234; baseline 0.002 -25"><span class='ocrx_word' id='word_1_62' title='bbox 331 2159 478 2211; x_wconf 80' lang='lat' dir='ltr'><strong>execrata</strong></span> <span class='ocrx_word' id='word_1_63' title='bbox 498 2147 649 2212; x_wconf 86' lang='lat' dir='ltr'><strong>sacrificia</strong></span> <span class='ocrx_word' id='word_1_64' title='bbox 668 2146 803 2225; x_wconf 89' lang='lat' dir='ltr'><strong>faciunt,</strong></span> <span class='ocrx_word' id='word_1_65' title='bbox 824 2147 855 2210; x_wconf 93' lang='lat' dir='ltr'><strong>in</strong></span> <span class='ocrx_word' id='word_1_66' title='bbox 880 2170 1015 2234; x_wconf 90' lang='lat' dir='ltr'><strong>quorum</strong></span> <span class='ocrx_word' id='word_1_67' title='bbox 1038 2148 1215 2214; x_wconf 85' lang='lat' dir='ltr'><strong>cervicibus</strong></span> <span class='ocrx_word' id='word_1_68' title='bbox 1235 2160 1284 2211; x_wconf 88' lang='lat' dir='ltr'><strong>est</strong></span> 
     </span>
     <span class='ocr_line' id='line_1_14' title="bbox 332 2250 1285 2337; baseline 0.002 -24"><span class='ocrx_word' id='word_1_69' title='bbox 332 2272 445 2314; x_wconf 91' lang='lat' dir='ltr'><strong>manus</strong></span> <span class='ocrx_word' id='word_1_70' title='bbox 465 2252 608 2329; x_wconf 90' lang='lat' dir='ltr'><strong>Domini,</strong></span> <span class='ocrx_word' id='word_1_71' title='bbox 626 2250 751 2317; x_wconf 86' lang='lat' dir='ltr'><strong>dicente</strong></span> <span class='ocrx_word' id='word_1_72' title='bbox 766 2251 941 2337; x_wconf 89' lang='lat' dir='ltr'><strong>propheta:</strong></span> <span class='ocrx_word' id='word_1_73' title='bbox 973 2251 1099 2316; x_wconf 84' lang='lat' dir='ltr'><strong>Ariolos</strong></span> <span class='ocrx_word' id='word_1_74' title='bbox 1121 2263 1153 2315; x_wconf 90' lang='lat' dir='ltr'><strong>et</strong></span> <span class='ocrx_word' id='word_1_75' title='bbox 1175 2270 1285 2333; x_wconf 79' lang='lat' dir='ltr'><strong>magos</strong></span> 
     </span>
     <span class='ocr_line' id='line_1_15' title="bbox 332 2352 1285 2441; baseline 0 -26"><span class='ocrx_word' id='word_1_76' title='bbox 332 2374 395 2415; x_wconf 90' lang='lat' dir='ltr'><strong>non</strong></span> <span class='ocrx_word' id='word_1_77' title='bbox 411 2352 539 2437; x_wconf 89' lang='lat' dir='ltr'><strong>patieris</strong></span> <span class='ocrx_word' id='word_1_78' title='bbox 555 2353 669 2419; x_wconf 89' lang='lat' dir='ltr'><strong>vivere.</strong></span> <span class='ocrx_word' id='word_1_79' title='bbox 704 2353 878 2441; x_wconf 58' lang='lat' dir='ltr'><strong>Afflspjces</strong></span> <span class='ocrx_word' id='word_1_80' title='bbox 893 2365 968 2417; x_wconf 89' lang='lat' dir='ltr'><strong>sunt</strong></span> <span class='ocrx_word' id='word_1_81' title='bbox 983 2353 1178 2438; x_wconf 83' lang='lat' dir='ltr'><strong>inspectores</strong></span> <span class='ocrx_word' id='word_1_82' title='bbox 1191 2352 1285 2415; x_wconf 88' lang='lat' dir='ltr'><strong>hora-</strong></span> 
     </span>
     <span class='ocr_line' id='line_1_16' title="bbox 332 2453 1285 2542; baseline 0 -24"><span class='ocrx_word' id='word_1_83' title='bbox 332 2478 415 2530; x_wconf 85' lang='lat' dir='ltr'><strong>rum,</strong></span> <span class='ocrx_word' id='word_1_84' title='bbox 445 2456 684 2541; x_wconf 77' lang='lat' dir='ltr'><strong>praescribentes</strong></span> <span class='ocrx_word' id='word_1_85' title='bbox 714 2455 792 2542; x_wconf 92' lang='lat' dir='ltr'><strong>quid</strong></span> <span class='ocrx_word' id='word_1_86' title='bbox 821 2478 886 2542; x_wconf 87' lang='lat' dir='ltr'><strong>qna</strong></span> <span class='ocrx_word' id='word_1_87' title='bbox 915 2455 996 2518; x_wconf 88' lang='lat' dir='ltr'><strong>hora</strong></span> <span class='ocrx_word' id='word_1_88' title='bbox 1025 2456 1095 2519; x_wconf 87' lang='lat' dir='ltr'><strong>fieri</strong></span> <span class='ocrx_word' id='word_1_89' title='bbox 1124 2453 1285 2539; x_wconf 87' lang='lat' dir='ltr'><strong>expediat,</strong></span> 
     </span>
     <span class='ocr_line' id='line_1_17' title="bbox 332 2556 1286 2644; baseline -0.004 -23"><span class='ocrx_word' id='word_1_90' title='bbox 332 2578 469 2644; x_wconf 90' lang='lat' dir='ltr'><strong>quorum</strong></span> <span class='ocrx_word' id='word_1_91' title='bbox 485 2581 621 2623; x_wconf 89' lang='lat' dir='ltr'><strong>errorem</strong></span> <span class='ocrx_word' id='word_1_92' title='bbox 642 2558 806 2623; x_wconf 88' lang='lat' dir='ltr'><strong>damnavit</strong></span> <span class='ocrx_word' id='word_1_93' title='bbox 821 2557 996 2643; x_wconf 84' lang='lat' dir='ltr'><strong>Apostolus</strong></span> <span class='ocrx_word' id='word_1_94' title='bbox 1011 2556 1136 2622; x_wconf 88' lang='lat' dir='ltr'><strong>dicens:</strong></span> <span class='ocrx_word' id='word_1_95' title='bbox 1169 2556 1286 2618; x_wconf 90' lang='lat' dir='ltr'><strong>Timeo</strong></span> 
     </span>
     <span class='ocr_line' id='line_1_18' title="bbox 333 2655 1288 2731; baseline -0.004 -8"><span class='ocrx_word' id='word_1_96' title='bbox 333 2682 373 2723; x_wconf 91' lang='lat' dir='ltr'><strong>ne</strong></span> <span class='ocrx_word' id='word_1_97' title='bbox 388 2662 508 2725; x_wconf 85' lang='lat' dir='ltr'><strong>frustra</strong></span> <span class='ocrx_word' id='word_1_98' title='bbox 525 2660 733 2726; x_wconf 85' lang='lat' dir='ltr'><strong>laboraverim</strong></span> <span class='ocrx_word' id='word_1_99' title='bbox 752 2661 784 2723; x_wconf 92' lang='lat' dir='ltr'><strong>in</strong></span> <span class='ocrx_word' id='word_1_100' title='bbox 806 2660 907 2731; x_wconf 87' lang='lat' dir='ltr'><strong>vobis,</strong></span> <span class='ocrx_word' id='word_1_101' title='bbox 923 2658 1100 2722; x_wconf 80' lang='lat' dir='ltr'><strong>observatis</strong></span> <span class='ocrx_word' id='word_1_102' title='bbox 1118 2657 1201 2720; x_wconf 91' lang='lat' dir='ltr'><strong>enim</strong></span> <span class='ocrx_word' id='word_1_103' title='bbox 1220 2655 1288 2719; x_wconf 88' lang='lat' dir='ltr'><strong>dies</strong></span> 
     </span>
     <span class='ocr_line' id='line_1_19' title="bbox 334 2756 1288 2845; baseline -0.006 -20"><span class='ocrx_word' id='word_1_104' title='bbox 334 2773 367 2827; x_wconf 86' lang='lat' dir='ltr'><strong>et</strong></span> <span class='ocrx_word' id='word_1_105' title='bbox 382 2783 491 2838; x_wconf 90' lang='lat' dir='ltr'><strong>annos,</strong></span> <span class='ocrx_word' id='word_1_106' title='bbox 506 2774 538 2826; x_wconf 88' lang='lat' dir='ltr'><strong>et</strong></span> <span class='ocrx_word' id='word_1_107' title='bbox 554 2784 675 2826; x_wconf 89' lang='lat' dir='ltr'><strong>menses</strong></span> <span class='ocrx_word' id='word_1_108' title='bbox 690 2774 722 2826; x_wconf 89' lang='lat' dir='ltr'><strong>et</strong></span> <span class='ocrx_word' id='word_1_109' title='bbox 740 2774 893 2845; x_wconf 88' lang='lat' dir='ltr'><strong>tempora,</strong></span> <span class='ocrx_word' id='word_1_110' title='bbox 909 2780 1012 2845; x_wconf 90' lang='lat' dir='ltr'><strong>quum</strong></span> <span class='ocrx_word' id='word_1_111' title='bbox 1026 2757 1161 2822; x_wconf 82' lang='lat' dir='ltr'><strong>felicitas</strong></span> <span class='ocrx_word' id='word_1_112' title='bbox 1182 2756 1288 2842; x_wconf 86' lang='lat' dir='ltr'><strong>operis</strong></span> 
     </span>
     <span class='ocr_line' id='line_1_20' title="bbox 333 2858 1288 2947; baseline -0.005 -19"><span class='ocrx_word' id='word_1_113' title='bbox 333 2885 398 2928; x_wconf 94' lang='lat' dir='ltr'><strong>non</strong></span> <span class='ocrx_word' id='word_1_114' title='bbox 411 2886 429 2925; x_wconf 88' lang='lat' dir='ltr'><strong>a</strong></span> <span class='ocrx_word' id='word_1_115' title='bbox 440 2873 595 2947; x_wconf 84' lang='lat' dir='ltr'><strong>ternpore,</strong></span> <span class='ocrx_word' id='word_1_116' title='bbox 607 2862 662 2927; x_wconf 87' lang='lat' dir='ltr'><strong>sed</strong></span> <span class='ocrx_word' id='word_1_117' title='bbox 678 2885 697 2926; x_wconf 91' lang='lat' dir='ltr'><strong>a</strong></span> <span class='ocrx_word' id='word_1_118' title='bbox 708 2861 833 2926; x_wconf 90' lang='lat' dir='ltr'><strong>nomine</strong></span> <span class='ocrx_word' id='word_1_119' title='bbox 846 2860 978 2926; x_wconf 87' lang='lat' dir='ltr'><strong>Domini</strong></span> <span class='ocrx_word' id='word_1_120' title='bbox 990 2859 1105 2926; x_wconf 88' lang='lat' dir='ltr'><strong>debeat</strong></span> <span class='ocrx_word' id='word_1_121' title='bbox 1115 2858 1288 2945; x_wconf 86' lang='lat' dir='ltr'><strong>expectari.</strong></span> 
     </span>
     <span class='ocr_line' id='line_1_21' title="bbox 334 2961 1287 3052; baseline -0.007 -20"><span class='ocrx_word' id='word_1_122' title='bbox 334 2965 539 3052; x_wconf 80' lang='lat' dir='ltr'><strong>Aruspicium</strong></span> <span class='ocrx_word' id='word_1_123' title='bbox 566 2987 696 3052; x_wconf 90' lang='lat' dir='ltr'><strong>quoque</strong></span> <span class='ocrx_word' id='word_1_124' title='bbox 721 2967 755 3030; x_wconf 89' lang='lat' dir='ltr'><strong>in</strong></span> <span class='ocrx_word' id='word_1_125' title='bbox 786 2976 932 3030; x_wconf 87' lang='lat' dir='ltr'><strong>extorum</strong></span> <span class='ocrx_word' id='word_1_126' title='bbox 962 2964 1159 3050; x_wconf 89' lang='lat' dir='ltr'><strong>inspectione</strong></span> <span class='ocrx_word' id='word_1_127' title='bbox 1188 2961 1287 3048; x_wconf 84' lang='lat' dir='ltr'><strong>riget,</strong></span> 
     </span>
     <span class='ocr_line' id='line_1_22' title="bbox 333 3063 1285 3155; baseline -0.005 -23"><span class='ocrx_word' id='word_1_128' title='bbox 333 3091 430 3155; x_wconf 90' lang='lat' dir='ltr'><strong>quam</strong></span> <span class='ocrx_word' id='word_1_129' title='bbox 453 3081 553 3133; x_wconf 89' lang='lat' dir='ltr'><strong>artem</strong></span> <span class='ocrx_word' id='word_1_130' title='bbox 571 3070 679 3153; x_wconf 82' lang='lat' dir='ltr'><strong>Tages</strong></span> <span class='ocrx_word' id='word_1_131' title='bbox 698 3066 830 3155; x_wconf 89' lang='lat' dir='ltr'><strong>quidam</strong></span> <span class='ocrx_word' id='word_1_132' title='bbox 844 3066 962 3132; x_wconf 90' lang='lat' dir='ltr'><strong>dicitur</strong></span> <span class='ocrx_word' id='word_1_133' title='bbox 982 3064 1148 3130; x_wconf 85' lang='lat' dir='ltr'><strong>invenisse.</strong></span> <span class='ocrx_word' id='word_1_134' title='bbox 1189 3063 1285 3130; x_wconf 91' lang='lat' dir='ltr'><strong>Unde</strong></span> 
     </span>
    </p>
   </div>
   <div class='ocr_carea' id='block_1_8' title="bbox 338 3171 507 3236">
    <p class='ocr_par' dir='ltr' id='par_1_8' title="bbox 338 3171 507 3236">
     <span class='ocr_line' id='line_1_23' title="bbox 338 3171 507 3236; baseline 0.006 -2"><span class='ocrx_word' id='word_1_135' title='bbox 338 3171 507 3236; x_wconf 88' lang='lat' dir='ltr'><strong>Lucanus:</strong></span> 
     </span>
    </p>
   </div>
   <div class='ocr_carea' id='block_1_9' title="bbox 440 3277 1045 3434">
    <p class='ocr_par' dir='ltr' id='par_1_9' title="bbox 440 3277 1045 3434">
     <span class='ocr_line' id='line_1_24' title="bbox 475 3277 1045 3354; baseline -0.004 -22"><span class='ocrx_word' id='word_1_136' title='bbox 475 3279 563 3333; x_wconf 82' lang='lat' dir='ltr'><strong>Fibris</strong></span> <span class='ocrx_word' id='word_1_137' title='bbox 576 3281 610 3332; x_wconf 87' lang='lat' dir='ltr'><strong>sit</strong></span> <span class='ocrx_word' id='word_1_138' title='bbox 621 3279 693 3332; x_wconf 88' lang='lat' dir='ltr'><strong>nulla</strong></span> <span class='ocrx_word' id='word_1_139' title='bbox 704 3279 782 3354; x_wconf 84' lang='lat' dir='ltr'><strong>fides,</strong></span> <span class='ocrx_word' id='word_1_140' title='bbox 795 3277 841 3332; x_wconf 89' lang='lat' dir='ltr'><strong>sed</strong></span> <span class='ocrx_word' id='word_1_141' title='bbox 853 3278 969 3332; x_wconf 87' lang='lat' dir='ltr'><strong>conditor</strong></span> <span class='ocrx_word' id='word_1_142' title='bbox 980 3277 1045 3330; x_wconf 81' lang='lat' dir='ltr'><strong>artis</strong></span> 
     </span>
     <span class='ocr_line' id='line_1_25' title="bbox 440 3365 735 3434; baseline -0.003 -14"><span class='ocrx_word' id='word_1_143' title='bbox 440 3366 563 3420; x_wconf 84' lang='lat' dir='ltr'><strong>Finxerit</strong></span> <span class='ocrx_word' id='word_1_144' title='bbox 572 3367 624 3418; x_wconf 86' lang='lat' dir='ltr'><strong>ista</strong></span> <span class='ocrx_word' id='word_1_145' title='bbox 636 3365 735 3434; x_wconf 81' lang='lat' dir='ltr'><strong>Tages.</strong></span> 
     </span>
    </p>
   </div>
   <div class='ocr_carea' id='block_1_10' title="bbox 333 3453 1291 4466">
    <p class='ocr_par' dir='ltr' id='par_1_10' title="bbox 333 3453 1291 4466">
     <span class='ocr_line' id='line_1_26' title="bbox 333 3453 1286 3544; baseline -0.003 -18"><span class='ocrx_word' id='word_1_146' title='bbox 333 3464 494 3527; x_wconf 84' lang='lat' dir='ltr'><strong>Extorum</strong></span> <span class='ocrx_word' id='word_1_147' title='bbox 520 3484 596 3526; x_wconf 87' lang='lat' dir='ltr'><strong>vero</strong></span> <span class='ocrx_word' id='word_1_148' title='bbox 622 3453 747 3526; x_wconf 82' lang='lat' dir='ltr'><strong>nomine</strong></span> <span class='ocrx_word' id='word_1_149' title='bbox 772 3471 941 3525; x_wconf 87' lang='lat' dir='ltr'><strong>censentur</strong></span> <span class='ocrx_word' id='word_1_150' title='bbox 963 3460 1079 3537; x_wconf 90' lang='lat' dir='ltr'><strong>omnia,</strong></span> <span class='ocrx_word' id='word_1_151' title='bbox 1102 3480 1176 3544; x_wconf 83' lang='lat' dir='ltr'><strong>quoe</strong></span> <span class='ocrx_word' id='word_1_152' title='bbox 1202 3461 1286 3524; x_wconf 85' lang='lat' dir='ltr'><strong>cutis</strong></span> 
     </span>
     <span class='ocr_line' id='line_1_27' title="bbox 337 3561 1289 3649; baseline -0.004 -21"><span class='ocrx_word' id='word_1_153' title='bbox 337 3563 540 3628; x_wconf 89' lang='lat' dir='ltr'><strong>extremitate</strong></span> <span class='ocrx_word' id='word_1_154' title='bbox 556 3574 719 3648; x_wconf 86' lang='lat' dir='ltr'><strong>teguntur.</strong></span> <span class='ocrx_word' id='word_1_155' title='bbox 765 3563 818 3626; x_wconf 87' lang='lat' dir='ltr'><strong>Ex</strong></span> <span class='ocrx_word' id='word_1_156' title='bbox 834 3585 901 3649; x_wconf 92' lang='lat' dir='ltr'><strong>quo</strong></span> <span class='ocrx_word' id='word_1_157' title='bbox 918 3561 1016 3648; x_wconf 90' lang='lat' dir='ltr'><strong>liquet</strong></span> <span class='ocrx_word' id='word_1_158' title='bbox 1038 3583 1091 3624; x_wconf 89' lang='lat' dir='ltr'><strong>eos</strong></span> <span class='ocrx_word' id='word_1_159' title='bbox 1110 3583 1178 3624; x_wconf 88' lang='lat' dir='ltr'><strong>esse</strong></span> <span class='ocrx_word' id='word_1_160' title='bbox 1199 3583 1289 3625; x_wconf 87' lang='lat' dir='ltr'><strong>arus·</strong></span> 
     </span>
     <span class='ocr_line' id='line_1_28' title="bbox 336 3662 1289 3752; baseline -0.003 -23"><span class='ocrx_word' id='word_1_161' title='bbox 336 3665 434 3752; x_wconf 89' lang='lat' dir='ltr'><strong>pices,</strong></span> <span class='ocrx_word' id='word_1_162' title='bbox 461 3665 517 3751; x_wconf 95' lang='lat' dir='ltr'><strong>qni</strong></span> <span class='ocrx_word' id='word_1_163' title='bbox 549 3665 762 3732; x_wconf 88' lang='lat' dir='ltr'><strong>vaticinantur</strong></span> <span class='ocrx_word' id='word_1_164' title='bbox 787 3665 819 3729; x_wconf 94' lang='lat' dir='ltr'><strong>in</strong></span> <span class='ocrx_word' id='word_1_165' title='bbox 845 3665 971 3730; x_wconf 91' lang='lat' dir='ltr'><strong>ossibus</strong></span> <span class='ocrx_word' id='word_1_166' title='bbox 1000 3662 1197 3742; x_wconf 89' lang='lat' dir='ltr'><strong>animalium,</strong></span> <span class='ocrx_word' id='word_1_167' title='bbox 1222 3663 1289 3726; x_wconf 84' lang='lat' dir='ltr'><strong>sire</strong></span> 
     </span>
     <span class='ocr_line' id='line_1_29' title="bbox 337 3765 1291 3854; baseline -0.008 -20"><span class='ocrx_word' id='word_1_168' title='bbox 337 3766 513 3854; x_wconf 83' lang='lat' dir='ltr'><strong>sanguine?</strong></span> <span class='ocrx_word' id='word_1_169' title='bbox 549 3767 616 3830; x_wconf 88' lang='lat' dir='ltr'><strong>sive</strong></span> <span class='ocrx_word' id='word_1_170' title='bbox 641 3766 755 3831; x_wconf 83' lang='lat' dir='ltr'><strong>futura</strong></span> <span class='ocrx_word' id='word_1_171' title='bbox 775 3767 1006 3852; x_wconf 77' lang='lat' dir='ltr'><strong>praenuncient,</strong></span> <span class='ocrx_word' id='word_1_172' title='bbox 1030 3765 1095 3829; x_wconf 87' lang='lat' dir='ltr'><strong>sive</strong></span> <span class='ocrx_word' id='word_1_173' title='bbox 1120 3765 1291 3849; x_wconf 71' lang='lat' dir='ltr'><strong>praesentia</strong></span> 
     </span>
     <span class='ocr_line' id='line_1_30' title="bbox 336 3865 1289 3958; baseline -0.007 -21"><span class='ocrx_word' id='word_1_174' title='bbox 336 3873 556 3958; x_wconf 88' lang='lat' dir='ltr'><strong>pronuncient,</strong></span> <span class='ocrx_word' id='word_1_175' title='bbox 570 3869 619 3933; x_wconf 85' lang='lat' dir='ltr'><strong>vel</strong></span> <span class='ocrx_word' id='word_1_176' title='bbox 634 3871 806 3954; x_wconf 86' lang='lat' dir='ltr'><strong>praeterita.</strong></span> <span class='ocrx_word' id='word_1_177' title='bbox 845 3867 1038 3931; x_wconf 89' lang='lat' dir='ltr'><strong>Vaticinium</strong></span> <span class='ocrx_word' id='word_1_178' title='bbox 1055 3865 1213 3951; x_wconf 90' lang='lat' dir='ltr'><strong>siquidem</strong></span> <span class='ocrx_word' id='word_1_179' title='bbox 1229 3877 1289 3942; x_wconf 87' lang='lat' dir='ltr'><strong>est,</strong></span> 
     </span>
     <span class='ocr_line' id='line_1_31' title="bbox 338 3957 1288 4062; baseline -0.007 -23"><span class='ocrx_word' id='word_1_180' title='bbox 338 3997 414 4062; x_wconf 91' lang='lat' dir='ltr'><strong>quo,</strong></span> <span class='ocrx_word' id='word_1_181' title='bbox 428 3995 501 4038; x_wconf 87' lang='lat' dir='ltr'><strong>cunr</strong></span> <span class='ocrx_word' id='word_1_182' title='bbox 521 3970 731 4058; x_wconf 84' lang='lat' dir='ltr'><strong>intelligentia</strong></span> <span class='ocrx_word' id='word_1_183' title='bbox 754 3971 831 4045; x_wconf 84' lang='lat' dir='ltr'><strong>veri,</strong></span> <span class='ocrx_word' id='word_1_184' title='bbox 854 3957 1041 4035; x_wconf 71' lang='lat' dir='ltr'><strong>abscondita</strong></span> <span class='ocrx_word' id='word_1_185' title='bbox 1061 3969 1288 4054; x_wconf 88' lang='lat' dir='ltr'><strong>proferuntur:</strong></span> 
     </span>
     <span class='ocr_line' id='line_1_32' title="bbox 337 4070 1291 4163; baseline -0.006 -22"><span class='ocrx_word' id='word_1_186' title='bbox 337 4099 437 4163; x_wconf 90' lang='lat' dir='ltr'><strong>quum</strong></span> <span class='ocrx_word' id='word_1_187' title='bbox 450 4089 482 4143; x_wconf 88' lang='lat' dir='ltr'><strong>et</strong></span> <span class='ocrx_word' id='word_1_188' title='bbox 493 4075 695 4163; x_wconf 87' lang='lat' dir='ltr'><strong>prophetiam</strong></span> <span class='ocrx_word' id='word_1_189' title='bbox 707 4096 768 4138; x_wconf 93' lang='lat' dir='ltr'><strong>non</strong></span> <span class='ocrx_word' id='word_1_190' title='bbox 781 4072 877 4139; x_wconf 91' lang='lat' dir='ltr'><strong>modo</strong></span> <span class='ocrx_word' id='word_1_191' title='bbox 891 4071 932 4137; x_wconf 92' lang='lat' dir='ltr'><strong>de</strong></span> <span class='ocrx_word' id='word_1_192' title='bbox 947 4070 1066 4138; x_wconf 83' lang='lat' dir='ltr'><strong>futuris</strong></span> <span class='ocrx_word' id='word_1_193' title='bbox 1076 4082 1200 4136; x_wconf 88' lang='lat' dir='ltr'><strong>constet</strong></span> <span class='ocrx_word' id='word_1_194' title='bbox 1211 4093 1291 4149; x_wconf 86' lang='lat' dir='ltr'><strong>csse,</strong></span> 
     </span>
     <span class='ocr_line' id='line_1_33' title="bbox 338 4173 1291 4265; baseline -0.004 -25"><span class='ocrx_word' id='word_1_195' title='bbox 338 4178 392 4240; x_wconf 89' lang='lat' dir='ltr'><strong>sed</strong></span> <span class='ocrx_word' id='word_1_196' title='bbox 407 4178 448 4242; x_wconf 89' lang='lat' dir='ltr'><strong>de</strong></span> <span class='ocrx_word' id='word_1_197' title='bbox 463 4177 684 4265; x_wconf 72' lang='lat' dir='ltr'><strong>praesentibus,</strong></span> <span class='ocrx_word' id='word_1_198' title='bbox 699 4188 732 4240; x_wconf 85' lang='lat' dir='ltr'><strong>et</strong></span> <span class='ocrx_word' id='word_1_199' title='bbox 747 4176 875 4252; x_wconf 82' lang='lat' dir='ltr'><strong>futuris,</strong></span> <span class='ocrx_word' id='word_1_200' title='bbox 891 4186 923 4240; x_wconf 86' lang='lat' dir='ltr'><strong>et</strong></span> <span class='ocrx_word' id='word_1_201' title='bbox 942 4173 1122 4262; x_wconf 76' lang='lat' dir='ltr'><strong>preteritis.</strong></span> <span class='ocrx_word' id='word_1_202' title='bbox 1168 4173 1201 4236; x_wconf 90' lang='lat' dir='ltr'><strong>Si</strong></span> <span class='ocrx_word' id='word_1_203' title='bbox 1216 4196 1291 4237; x_wconf 84' lang='lat' dir='ltr'><strong>vero</strong></span> 
     </span>
     <span class='ocr_line' id='line_1_34' title="bbox 339 4274 1291 4366; baseline -0.002 -25"><span class='ocrx_word' id='word_1_204' title='bbox 339 4278 529 4345; x_wconf 89' lang='lat' dir='ltr'><strong>adhibeatur</strong></span> <span class='ocrx_word' id='word_1_205' title='bbox 555 4284 694 4366; x_wconf 82' lang='lat' dir='ltr'><strong>sanguis,</strong></span> <span class='ocrx_word' id='word_1_206' title='bbox 722 4278 763 4342; x_wconf 88' lang='lat' dir='ltr'><strong>ad</strong></span> <span class='ocrx_word' id='word_1_207' title='bbox 789 4277 1035 4343; x_wconf 89' lang='lat' dir='ltr'><strong>necromantiam</strong></span> <span class='ocrx_word' id='word_1_208' title='bbox 1057 4278 1125 4363; x_wconf 90' lang='lat' dir='ltr'><strong>jam</strong></span> <span class='ocrx_word' id='word_1_209' title='bbox 1151 4274 1291 4348; x_wconf 89' lang='lat' dir='ltr'><strong>accedit;</strong></span> 
     </span>
     <span class='ocr_line' id='line_1_35' title="bbox 340 4375 1290 4466; baseline -0.004 -24"><span class='ocrx_word' id='word_1_210' title='bbox 340 4401 412 4466; x_wconf 79' lang='lat' dir='ltr'><strong>quae</strong></span> <span class='ocrx_word' id='word_1_211' title='bbox 423 4380 497 4444; x_wconf 90' lang='lat' dir='ltr'><strong>inde</strong></span> <span class='ocrx_word' id='word_1_212' title='bbox 508 4381 635 4456; x_wconf 90' lang='lat' dir='ltr'><strong>dicitur,</strong></span> <span class='ocrx_word' id='word_1_213' title='bbox 649 4379 736 4466; x_wconf 91' lang='lat' dir='ltr'><strong>quod</strong></span> <span class='ocrx_word' id='word_1_214' title='bbox 748 4392 817 4444; x_wconf 89' lang='lat' dir='ltr'><strong>tota</strong></span> <span class='ocrx_word' id='word_1_215' title='bbox 827 4379 859 4442; x_wconf 93' lang='lat' dir='ltr'><strong>in</strong></span> <span class='ocrx_word' id='word_1_216' title='bbox 870 4391 1069 4444; x_wconf 90' lang='lat' dir='ltr'><strong>mortuorum</strong></span> <span class='ocrx_word' id='word_1_217' title='bbox 1084 4375 1290 4461; x_wconf 90' lang='lat' dir='ltr'><strong>inquisitione</strong></span> 
     </span>
    </p>
   </div>
   <div class='ocr_carea' id='block_1_11' title="bbox 0 0 1810 5575">
    <p class='ocr_par' dir='ltr' id='par_1_11' title="bbox 0 0 1810 5575">
     <span class='ocr_line' id='line_1_36' title="bbox 0 0 1810 5575; baseline 0 0"><span class='ocrx_word' id='word_1_218' title='bbox 0 0 1810 5575; x_wconf 95' lang='lat' dir='ltr'><strong> </strong></span> 
     </span>
    </p>
   </div>
  </div>
 </body>
</html>
