3575 5575
486 811 550 870 398
747 822 884 867 scaurus
900 820 1177 866 srunssnumrsrs
1305 805 1388 885 [mu.
1404 821 1434 868 r.

485 974 595 1038 rabilis
611 976 724 1040 doctor
738 977 770 1039 in
787 976 857 1056 lege
884 973 1028 1049 Domini,
1045 973 1150 1036 dicere
1166 984 1386 1049 consueverat,
1400 974 1436 1036 in

487 1075 619 1161 quorum
651 1078 798 1141 manibus
831 1077 1013 1159 iniquitates
1048 1086 1133 1150 sunt,
1159 1075 1292 1138 dextera
1325 1096 1436 1137 eorum

485 1179 607 1262 repleta
636 1190 685 1242 est
716 1174 921 1240 muneribus?
968 1176 1202 1239 Felicissimum
1235 1196 1341 1256 regem
1371 1177 1437 1237 An-

487 1279 622 1360 glorum,
653 1291 687 1340 et
716 1276 934 1352 Normanniae,
969 1284 1002 1338 et
1030 1274 1210 1358 Aquitaniae
1246 1275 1352 1339 adhuc
1387 1275 1437 1337 in-

486 1379 694 1444 victissimum
720 1378 847 1455 ducem,
873 1378 1046 1456 interroga,
1074 1376 1154 1460 quid
1183 1377 1278 1438 etiam
1303 1375 1344 1438 de
1371 1375 1437 1438 suis

485 1481 611 1558 sentiat,
626 1502 707 1564 qnos
732 1478 875 1553 intrudit,
903 1491 935 1542 et
961 1477 1057 1554 dicet,
1082 1487 1119 1541 ut
1144 1477 1269 1562 opinor,
1293 1479 1368 1541 Non
1390 1486 1438 1539 est

486 1584 605 1646 malum
620 1583 655 1646 in
670 1585 765 1661 clero,
782 1579 871 1664 quod
882 1582 934 1645 isti
946 1603 1010 1644 non
1027 1580 1156 1644 faciant·
1200 1580 1437 1663 Episcoporum

487 1704 604 1746 nomeu
622 1695 654 1746 et
668 1682 809 1745 officium
824 1680 1003 1744 venerabile
1018 1691 1076 1757 est,
1092 1680 1119 1743 si
1142 1691 1231 1760 tanta
1255 1681 1440 1762 impleretur

489 1781 717 1862 sollicitudine,
731 1794 852 1868 quanta
865 1780 1026 1844 interdum
1042 1781 1159 1864 petitur
1172 1780 1356 1844 ambitione.
1393 1781 1440 1842 Et

489 1885 695 1968 diligerentur
722 1894 758 1948 ut
779 1894 897 1968 patres,
920 1884 1109 1946 timerentur
1130 1895 1166 1946 ut
1191 1881 1324 1958 domini,
1354 1879 1440 1945 cole·

488 1998 598 2050 rentur
618 1998 655 2050 ut
677 1987 790 2064 sancti,
813 1985 841 2049 si
864 1985 1087 2048 exactionibus
1110 1995 1288 2068 parcerent,
1312 1995 1343 2047 et
1365 2004 1440 2066 pro·

485 2089 624 2171 jicerent
638 2111 680 2151 ex
697 2088 803 2151 animo
819 2086 974 2169 quicquid
989 2087 1136 2168 provenit
1156 2107 1198 2148 ex
1223 2087 1392 2160 calumnia,
1408 2094 1441 2148 et

490 2208 618 2252 omnem
634 2199 791 2270 quaestum
806 2183 938 2248 minime
954 2185 1120 2249 crederent
1135 2185 1295 2269 pietatem.
1337 2185 1441 2250 Caete-

488 2311 559 2353 rum
585 2290 649 2352 sibi
674 2286 885 2351 reverentiam
913 2288 1104 2351 subtrahunt
1127 2297 1160 2350 et
1185 2307 1336 2361 amorem,
1363 2289 1439 2351 dnm

488 2392 625 2455 honores
639 2390 795 2468 ambiunt,
809 2389 979 2472 pecuniam
1003 2389 1149 2472 cupiunt,
1172 2401 1205 2452 et
1227 2389 1276 2452 rel
1301 2411 1374 2452 suas
1397 2391 1444 2452 fa-

489 2494 590 2571 ciunt,
616 2494 665 2555 rel
699 2493 819 2557 alienas
845 2491 1022 2554 calumnias
1059 2491 1176 2554 fovent.
1230 2492 1276 2554 Et
1310 2489 1442 2573 quidem

489 2593 601 2658 nescio
624 2591 788 2678 quomodo
811 2601 921 2656 notam
944 2603 977 2654 et
1000 2612 1128 2675 poenam
1154 2613 1281 2655 omnem
1305 2592 1443 2656 evadant

491 2693 550 2778 qui
576 2693 779 2758 exactionem
805 2693 903 2756 totius
926 2693 1115 2756 calumniosi
1148 2707 1288 2778 quastus
1314 2695 1376 2757 sibi
1400 2693 1442 2756 ad

489 2798 596 2860 minus
621 2798 745 2861 bessem
764 2795 947 2860 vendicant.
991 2797 1077 2858 Nam
1100 2806 1156 2859 aut
1182 2796 1320 2860 solidum
1340 2818 1443 2860 assem

490 2909 647 2980 usurpant
670 2898 743 2975 sibi,
758 2908 814 2961 aut
837 2907 872 2959 ut
893 2898 1041 2971 multum,
1058 2896 1204 2961 trientem
1221 2898 1379 2963 duntaxat
1393 2920 1442 2962 ar-

492 2998 690 3064 chidiaconis
716 3009 748 3062 et
771 2999 843 3062 aliis
869 2999 1072 3075 officialibus,
1095 3019 1136 3061 ne
1160 2996 1266 3063 dicam
1289 3020 1363 3063 curn
1385 3022 1442 3083 po-

491 3103 570 3185 pulo
593 3101 749 3165 ministris
772 3100 962 3184 iniquitatis,
988 3100 1116 3164 cedunt.
1173 3100 1237 3164 Sed
1260 3123 1319 3165 nec
1344 3102 1444 3181 legati

494 3202 580 3266 sedis
609 3202 808 3287 apostolicae,
838 3222 951 3265 manus
984 3222 1057 3265 suas
1087 3201 1255 3267 excutiunt
1285 3205 1328 3266 ab
1357 3204 1446 3265 omni

493 3326 634 3383 munere,
650 3305 705 3389 qui
719 3304 879 3368 interdum
894 3305 929 3368 in
945 3303 1119 3387 provinciis
1133 3305 1179 3368 ita
1197 3305 1446 3383 debacchantur,

493 3425 531 3469 ac
548 3405 576 3467 si
590 3404 633 3467 ad
654 3404 823 3468 ecclesiam
845 3403 1071 3485 flagellandam
1093 3425 1240 3485 egressus
1261 3405 1302 3468 sit
1324 3406 1446 3469 Sathan

496 3527 516 3571 a
529 3504 614 3569 facie
629 3504 774 3567 Domini.
820 3505 1019 3569 Concutiunt
1034 3508 1169 3587 angulos
1183 3506 1308 3585 domus,
1322 3519 1358 3570 ut
1371 3528 1445 3591 pro-

495 3615 638 3673 sternant
651 3605 736 3671 filios
750 3616 783 3670 et
800 3606 884 3671 filias
899 3604 980 3691 ejus,
996 3607 1051 3691 qui
1074 3609 1242 3691 languores
1265 3621 1297 3672 et
1319 3609 1446 3672 dolores

495 3712 672 3777 animarum
699 3712 821 3775 curarit
844 3710 879 3772 in
907 3730 1012 3775 cruce.
1069 3711 1280 3775 Commoveat
1311 3721 1344 3774 et
1369 3732 1445 3773 con·

494 3816 626 3879 turbant
650 3825 778 3887 terram,
816 3823 852 3876 ut
878 3812 1044 3877 rideantur
1074 3813 1192 3877 habere
1218 3812 1306 3897 quod
1343 3812 1446 3876 sanari

494 3923 648 3998 oporteat
706 3915 772 3979 Hic
798 3926 904 3977 tamen
928 3935 992 3977 non
1016 3913 1057 3977 de
1084 3915 1232 3978 omnibus
1256 3934 1359 3977 sermo
1386 3924 1445 3985 cst,

498 4013 553 4077 sed
569 4013 609 4076 de
625 4015 676 4077 his
692 4015 748 4098 qui
773 4018 873 4099 patris
900 4017 1062 4079 voluntate
1088 4025 1281 4098 contempta,
1308 4014 1447 4077 serviunt

498 4134 574 4177 suae.
630 4111 766 4176 Constat
795 4115 882 4177 enim
908 4117 984 4200 quia
1012 4117 1046 4179 in
1077 4118 1164 4178 omni
1198 4116 1305 4179 officio
1335 4115 1447 4177 domus

498 4212 631 4292 domini,
646 4213 692 4275 sic
708 4213 928 4295 relinquuntur
944 4215 1083 4296 quidam,
1099 4226 1134 4279 ut
1158 4215 1212 4279 alii
1238 4226 1447 4279 assumantur.

497 4316 575 4378 Vidi
590 4337 651 4397 ego
666 4316 735 4398 ipse
763 4314 796 4377 in
812 4314 961 4378 omnibus
986 4315 1047 4394 his,
1074 4315 1215 4379 decanos
1240 4316 1374 4395 scilicet,
1399 4336 1448 4379 ar·

496 4416 715 4498 chidiaconos‚
730 4418 914 4501 episcopos,
936 4429 967 4480 et
982 4418 1114 4499 legatoS,
1130 4428 1218 4483 tanta
1244 4416 1446 4483 solicitudine
