3575 5575
514 804 578 862 290
774 815 910 860 scaurus
927 813 1212 860 snsnsssnrnnsrs
1344 795 1426 873 [nra.
1441 813 1473 853 v.

516 987 580 1029 non
596 965 734 1030 multum
750 987 837 1042 curo,
852 963 1029 1028 dummodo
1043 973 1166 1028 constet
1183 961 1338 1027 Consules
1353 962 1474 1026 Roma·

517 1088 631 1132 norum
646 1090 686 1133 eo
701 1068 862 1152 subegisse
881 1066 1050 1153 Pyrrhum,
1063 1066 1148 1151 quod
1163 1063 1331 1152 perfidiam
1347 1063 1474 1128 fuerant

515 1171 684 1255 aspernati.
731 1169 908 1255 Epistolam
934 1190 1009 1233 vero
1033 1167 1209 1233 Consulum
1235 1165 1277 1230 ad
1302 1166 1470 1252 Pyrrhum,

518 1272 600 1338 hanc
624 1273 719 1337 fuisse
746 1271 978 1356 Quadrigarius
1004 1269 1311 1338 refert—Consules
1335 1268 1474 1333 Romani

516 1374 652 1439 salutem
674 1374 786 1439 dicunt
810 1375 935 1466 Pyrrho
962 1373 1039 1457 regi.
1086 1372 1153 1436 Nos
1178 1393 1236 1458 pro
1259 1371 1323 1435 tuis
1346 1369 1471 1454 injuriis

516 1475 668 1540 continno
694 1477 801 1541 animo
827 1475 990 1559 commoti,
1015 1474 1188 1538 inimiciter
1212 1488 1320 1538 tecum
1349 1472 1470 1537 bellare

515 1576 690 1654 studemus,
713 1579 769 1642 ssd
792 1600 865 1642 curn
889 1577 1007 1641 muniis
1032 1574 1171 1660 exempli
1194 1585 1227 1638 et
1248 1572 1335 1638 fidei.
1383 1573 1470 1658 Ergo

407 1678 412 1686 ’
514 1677 617 1743 risum
632 1691 681 1743 est
701 1691 738 1742 ut
755 1690 788 1743 te
805 1679 926 1743 salvum
948 1676 1093 1752 velimus,
1109 1697 1175 1762 quo
1192 1675 1242 1755 sit,
1256 1696 1352 1762 quem
1374 1676 1469 1740 armis

513 1781 668 1866 possimus
697 1782 835 1846 vincere.
879 1781 935 1844 Ad
964 1801 1020 1843 nos
1050 1777 1138 1842 veuit
1168 1777 1276 1842 Nicias
1305 1776 1470 1842 familiaris

512 1893 596 1959 tuus,
621 1883 676 1969 qni
700 1882 762 1947 sibi
784 1907 804 1946 a
826 1883 918 1947 nobis
940 1881 1107 1966 praemium
1131 1890 1266 1965 peteret,
1282 1879 1308 1943 si
1330 1890 1363 1942 te
1385 1879 1468 1943 clam

513 1982 732 2050 interfecisset.
778 1985 818 2049 ld
840 2006 899 2049 nos
914 1984 1101 2069 negavimus
1122 1982 1216 2063 velle,
1229 2002 1310 2045 neve
1332 1981 1374 2045 ob
1396 2003 1468 2044 earn

513 2105 582 2147 rem
603 2085 775 2170 quicquam
798 2085 957 2150 commodi
980 2095 1172 2170 expectaret,
1196 2082 1466 2148 denuntiavimus.

514 2184 617 2251 Simul
633 2187 730 2252 etiarn
746 2186 848 2251 visum
864 2199 923 2263 est,
940 2199 975 2251 nt
990 2199 1022 2251 te
1038 2187 1206 2251 certiorem
1222 2185 1409 2264 laceremus,
1425 2209 1465 2251 ne

512 2288 591 2372 qnid
612 2287 805 2373 hujusmodi,
825 2290 851 2353 si
872 2289 1049 2366 accidisset,
1066 2299 1172 2352 nostro
1194 2287 1324 2352 consilio
1346 2289 1465 2353 factum

511 2399 660 2472 pntsrent
676 2391 830 2469 civitates,
846 2390 973 2455 sciturae
989 2390 1074 2477 quod
1089 2390 1181 2454 nobis
1195 2411 1259 2454 non
1275 2389 1379 2475 placet
1395 2411 1467 2475 pro-

511 2490 624 2568 missis,
640 2504 697 2557 ant
711 2495 823 2578 pretio,
838 2506 894 2558 aut
913 2494 994 2558 dolis
1013 2515 1166 2579 pugnare.
1205 2491 1268 2572 Tu,
1285 2493 1344 2556 nisi
1362 2515 1464 2574 caves,

505 2591 640 2677 jacebis.
666 2596 754 2669 Quid
764 2596 1003 2682 referam,qnod
1010 2618 1109 2682 quum
1122 2596 1152 2660 ei
1159 2595 1249 2679 regni
1259 2595 1464 2659 medietatem

512 2695 651 2782 Pyrrhus
665 2698 842 2779 obtulisset,
858 2710 893 2761 nt
908 2719 1020 2783 pacem
1044 2696 1279 2761 conditionibus
1294 2697 1394 2783 aequis
1409 2699 1465 2762 ad·

509 2799 663 2878 mitteret,
679 2812 880 2886 contemptus
896 2812 953 2865 est.
999 2801 1064 2864 Sed
1079 2821 1139 2863 nec
1154 2799 1244 2882 regni
1259 2800 1463 2865 medietatem

510 2900 671 2984 acquievit
699 2902 855 2988 accipere,
884 2914 921 2965 nt
950 2899 1123 2965 amicitiam
1157 2900 1357 2984 promitteret
1386 2904 1463 2986 regi.

512 2999 623 3074 Quum
639 3026 715 3068 vero
732 3005 858 3090 Cyneas
872 3004 921 3067 vir
944 3002 1230 3089 praestantissimus,
1246 3004 1301 3088 qui
1327 3003 1463 3067 Romam

509 3104 623 3168 missus
648 3106 752 3170 inerat
781 3127 924 3170 reversus
949 3106 1197 3189 interrogaretur
1221 3105 1324 3192 qualis
1358 3106 1462 3169 Roma

508 3217 601 3287 esset,
623 3208 785 3294 respondit
807 3230 840 3272 se
867 3230 980 3291 regum
1004 3206 1117 3271 vidisse
1141 3206 1285 3291 patriam,
1310 3228 1349 3270 eo
1375 3208 1461 3293 qnod

507 3306 573 3370 fere
588 3330 699 3373 omnes
714 3310 793 3374 tales
808 3324 913 3375 essent
924 3310 999 3383 illic,
1013 3308 1115 3395 qualis
1127 3320 1210 3372 esset
1221 3310 1303 3371 solus
1321 3308 1460 3394 Pyrrhus

506 3407 540 3469 in
558 3408 667 3494 Epiro,
681 3412 732 3474 vel
748 3411 870 3497 reliqua
886 3413 1025 3476 Groecia.
1058 3411 1178 3474 Audita
1192 3432 1267 3492 ergo
1285 3412 1463 3477 constantia

506 3509 656 3588 Fabricii,
669 3512 773 3598 inquit
789 3536 861 3577 rex:
887 3513 952 3579 Hic
967 3525 1015 3577 est
1025 3513 1135 3599 utique
1150 3512 1203 3576 ille
1216 3511 1391 3593 Fabricius,
1403 3515 1459 3599 qui

504 3611 664 3679 difficilius
689 3636 708 3677 a
734 3615 859 3689 virtute,
886 3637 985 3699 quam
1019 3614 1073 3678 Sol
1103 3637 1122 3677 a
1152 3635 1245 3678 eursu
1274 3635 1331 3677 suo
1360 3616 1460 3678 averti

397 3787 400 3791 ,
503 3727 617 3798 potest.
664 3717 842 3802 Imperator
863 3718 971 3781 Caesar
994 3719 1161 3800 Augustus
1185 3716 1405 3796 Germanicus,
1420 3739 1459 3780 eo

502 3815 588 3883 bello
603 3841 667 3905 quo
681 3820 768 3884 victis
783 3819 926 3883 hostibus
941 3817 1126 3882 Germanici
1138 3840 1315 3899 cognomen
1329 3818 1457 3897 meruit,

458 4003 462 4013 Ι
503 3939 602 4001 quum
618 3921 651 3984 in
668 3922 784 3986 finibus
806 3922 969 4007 copiarum
994 3920 1122 3983 castella
1138 3930 1280 4004 poneret,
1295 3941 1352 4003 pro
1374 3919 1458 3982 fruc-

500 4018 586 4082 tibus
607 4021 758 4099 locornm,
782 4046 855 4110 quae
878 4024 962 4088 vallo
988 4021 1293 4107 comprehendebat,
1314 4020 1452 4106 pretium

508 4120 586 4183 solvi
604 4122 708 4205 jussit,
730 4137 825 4210 atque
849 4125 894 4190 ita
919 4125 1054 4211 justitiae
1077 4125 1161 4187 lama
1189 4124 1332 4188 omnium
1356 4124 1453 4187 fidem

499 4221 653 4287 astrinxit.
713 4225 801 4298 Quid
831 4228 871 4290 de
902 4227 1098 4291 continentia
1130 4226 1248 4303 dicam,
1279 4249 1452 4311 rerumque

497 4337 695 4411 contemptu,
720 4330 979 4416 quandoquidem
1005 4327 1169 4392 Plutarchi
1196 4329 1451 4411 strategematica

494 4427 647 4492 nonnulla
676 4430 829 4513 promisi?
870 4429 919 4495 M.
949 4429 1104 4492 Catonern
1133 4426 1246 4490 eodem
1275 4427 1358 4503 vino,
1386 4448 1451 4513 quo
