3575 5575
367 839 438 883 cnr.
454 825 562 898 xxvi]
714 837 970 890 ronrcusrrcos.
1258 835 1316 893 lul

1089 909 1107 939 ‚.

367 989 497 1054 oonsilio
509 993 652 1056 Danielis
667 1007 795 1078 peccota
806 993 1012 1080 eleemosynis
1027 990 1195 1072 redimens,
1210 1010 1243 1061 et
1258 998 1317 1062 ini·

367 1091 505 1173 quitates
513 1093 546 1155 in
557 1091 777 1158 misericordiis
787 1116 978 1180 pauperum,
987 1098 1175 1161 sententium
1188 1098 1318 1162 Domini

364 1188 592 1273 imminentem,
605 1194 646 1257 ad
669 1207 796 1281 tempus
815 1194 941 1280 effugit,
956 1194 1056 1260 donec
1070 1197 1103 1260 in
1119 1197 1194 1262 nula
1209 1198 1317 1282 Baby-

366 1291 447 1357 lonis
460 1295 601 1379 glorians
616 1295 749 1360 diceret:
774 1295 888 1360 Nonne
902 1297 973 1362 haec
985 1310 1033 1362 est
1046 1298 1192 1383 Babylon
1206 1298 1319 1364 civitas

366 1413 490 1478 magns,
506 1417 603 1480 quarn
619 1419 680 1480 ego
691 1397 846 1461 aedificavi
855 1398 887 1460 in
897 1396 1028 1461 domum
1042 1399 1144 1482 regni,
1156 1399 1189 1462 in
1206 1401 1318 1465 robore

366 1494 566 1559 fortitudinis
583 1520 672 1577 meuc,
686 1514 718 1562 et
732 1498 765 1560 in
780 1498 882 1580 gloria
903 1499 1038 1562 nominis
1060 1497 1145 1562 mei?
1173 1502 1318 1586 sicergo

363 1594 508 1659 elationis
532 1619 619 1675 voce,
643 1597 676 1660 in
703 1598 840 1682 seipsum
862 1600 932 1682 jam
957 1599 1133 1683 fugientem
1161 1602 1222 1664 Dei
1249 1624 1319 1664 sen·

367 1698 497 1762 tentiam
514 1698 683 1763 revocavit.

367 1972 449 2057 Cap.
470 1977 522 2037 26.
556 1976 651 2049 Quod
674 1977 834 2038 sententia
864 1975 930 2038 Dei
955 1979 1072 2039 moneri
1094 1984 1208 2059 potest,
1233 1979 1320 2058 quod

409 2077 577 2138 manlium
593 2077 658 2139 Dei
671 2077 868 2140 immutatio
881 2084 939 2152 cst,
954 2085 986 2140 et
1003 2079 1153 2140 minutas
1172 2078 1238 2141 Dei
1248 2080 1319 2159 pn‘·

409 2197 464 2240 ma
482 2181 625 2241 omnium
647 2199 759 2256 causa,
781 2187 813 2241 et
832 2181 920 2260 quod
939 2180 1090 2244 massaio
1109 2182 1162 2244 oio
1185 2181 1321 2245 domna-

410 2279 509 2341 tionis
522 2285 579 2343 est.

409 2410 517 2489 Quom
533 2413 644 2499 itaque
664 2413 874 2479 immutabilis
895 2415 958 2479 Dei
979 2416 1079 2501 possit
1105 2415 1224 2479 moveri
1250 2437 1321 2478 sen-

365 2512 478 2590 tentia,
503 2515 677 2580 errantium
706 2527 739 2580 et
768 2514 1016 2580 discurrentium
1046 2516 1187 2581 siderum
1217 2537 1319 2579 sermo

365 2615 506 2680 manebit
519 2614 714 2679 immobilis?
752 2617 815 2681 Sed
833 2636 1031 2701 quocunque
1051 2616 1148 2680 modo
1163 2616 1321 2681 sententio

367 2728 545 2793 moventur,
575 2715 743 2779 consilium
781 2716 913 2780 Domini
941 2729 1048 2798 manet
1083 2716 1115 2779 in
1153 2730 1320 2781 aeternum.
1367 2751 1371 2760 1

366 2816 464 2891 Quod
479 2828 585 2881 autem
600 2817 722 2880 consilii
746 2826 778 2880 et
793 2816 968 2881 voluntatis
984 2819 1045 2881 Dei
1060 2816 1186 2903 signum
1202 2820 1321 2883 certius

366 2928 426 2993 est,
449 2917 661 3003 proeceptione
687 2931 744 2983 eut
769 2916 983 3005 prohibitione
1005 2916 1138 2982 divina?
1178 2921 1233 2981 An
1257 2942 1321 2982 non

367 3029 452 3081 recte
467 3015 631 3081 videbitur
651 3016 742 3095 velle,
759 3018 848 3104 qnod
863 3016 1030 3104 praecipit?
1069 3018 1168 3082 Plane
1185 3014 1323 3084 Petrian-

257 3150 259 3155 ·
366 3117 458 3181 chem
474 3118 628 3204 proecepit
643 3117 843 3203 unigenitum
861 3118 1079 3205 promissionis
1092 3119 1194 3183 {ilium
1211 3121 1322 3184 immo-

368 3220 440 3284 lare.
475 3220 587 3301 Recte,
595 3242 635 3284 ne
648 3221 834 3286 Patriarchn
844 3220 1008 3284 mandenti
1017 3220 1200 3305 acquievit?
1222 3224 1323 3287 Recte
1431 3283 1434 3286 .

366 3320 498 3407 quidem
509 3344 567 3409 per
578 3322 694 3399 omnis,
706 3345 744 3386 eo
756 3322 841 3410 quod
852 3320 1040 3407 mandatum
1052 3321 1237 3400 voluntatis,
1250 3342 1322 3409 quse

366 3422 471 3508 prime
486 3421 628 3486 omnium
652 3444 747 3487 causa
769 3436 829 3498 est,
845 3436 877 3488 et
898 3444 1061 3508 nunquam
1078 3445 1137 3486 suo
1151 3423 1323 3489 fraudatur

367 3522 492 3602 effectu,
502 3523 714 3587 certissimum
725 3523 881 3588 indicium
892 3523 944 3587 sit.
975 3522 1210 3608 Adeoquidem
1219 3523 1324 3617 prime

367 3638 428 3703 est,
439 3637 477 3687 ut
488 3626 514 3688 si
530 3637 695 3709 queratur
710 3627 750 3690 de
765 3625 885 3710 aliquo,
897 3648 956 3689 cur
969 3625 1014 3691 itn
1029 3626 1082 3701 sit,
1095 3624 1266 3690 rectissime
1276 3625 1324 3691 di·

366 3738 470 3805 cetur,
484 3726 634 3809 qnoniam
651 3726 703 3789 ille
725 3728 769 3791 sic
785 3726 899 3804 voluit,
914 3726 972 3811 qui
987 3726 1106 3805 omnia,
1121 3748 1323 3811 quoecunqus

367 3826 480 3906 voluit,
496 3826 583 3892 fecit.
628 3826 663 3893 Si
677 3850 753 3890 uero
774 3850 830 3891 cur
846 3825 983 3890 voluerit
1008 3825 1202 3911 inquiratur,
1216 3826 1325 3913 inepta

368 3929 503 4017 quaestio
513 3931 734 4015 est,quoniam
750 3929 863 4015 primm
877 3950 994 4003 ceusoe,
1009 3926 1182 3992 voluntatis
1194 3926 1324 4006 scilicet,

367 4018 645 4115 domitoremne,
660 4032 752 4118 cujus
767 4030 854 4095 nulla
869 4042 917 4093 est
932 4029 1060 4092 omnino
1075 4050 1179 4092 consa.
1218 4029 1322 4114 Equi-

365 4132 440 4197 dem
459 4132 522 4197 dici
539 4133 628 4215 solet,
641 4146 674 4199 et
698 4156 809 4198 verum
829 4144 888 4209 est,
905 4132 981 4218 quin
1000 4132 1034 4194 in
1053 4152 1149 4195 manu
1170 4129 1322 4217 principis

367 4246 425 4305 est,
441 4247 477 4295 ut
493 4234 593 4319 possit
608 4234 872 4321 mitiusjudicare
883 4255 981 4317 quam
998 4232 1094 4318 leges,
1103 4250 1204 4317 quum
1215 4244 1248 4295 et
1264 4227 1324 4316 qui

368 4332 471 4413 legem
487 4333 573 4411 tulit,
588 4332 792 4419 derogandae,
812 4333 863 4398 vel
885 4333 1079 4417 abrogandoe
1093 4332 1190 4412 illius,
1205 4331 1321 4395 habeat

312 4496 319 4509 ,
369 4446 572 4521 potestatem.
608 4436 689 4520 Legi
705 4458 791 4521 ergo,
806 4458 901 4521 quam
914 4435 1034 4521 figulus
1044 4447 1121 4501 tuus
1132 4433 1213 4498 coelo
1223 4435 1325 4519 impo-

822 4544 880 4600 112
