3575 5575
513 804 554 862 98
770 817 907 861 Josuurs
923 814 1198 861 saansaaamusrs
1332 800 1414 878 [ma.
1431 817 1467 862 11.

514 967 626 1032 finiens
646 979 677 1030 et
699 965 905 1030 multifariam
926 965 1083 1045 dividens,
1102 965 1144 1028 ad
1161 964 1262 1051 ipsius
1282 987 1398 1031 arcana
1411 989 1467 1030 ua-

513 1079 607 1146 turae‚
617 1067 732 1132 mentis
744 1067 932 1132 transmittit
946 1078 1109 1152 aspectum
1126 1078 1163 1132 ut
1177 1064 1259 1130 nibil
1273 1066 1466 1132 naturalium

512 1171 606 1258 plene
622 1169 844 1236 absconditum
859 1169 898 1234 sit
915 1171 956 1234 ab
970 1168 1072 1233 oculis
1087 1170 1167 1255 ejus.
1212 1170 1257 1234 Et
1272 1170 1377 1256 primo
1391 1171 1467 1236 sub·

457 1271 462 1282 ’
514 1275 674 1351 stantiam,
696 1293 772 1358 quae
793 1272 942 1336 omnibus
964 1272 1084 1347 subest,
1107 1272 1234 1337 acutius
1255 1273 1412 1351 intuetur,
1432 1272 1467 1336 in

514 1398 579 1461 qua
593 1395 704 1439 manus
719 1386 842 1438 naturae
861 1373 1018 1457 probatur
1037 1371 1177 1448 artificis,
1193 1373 1271 1436 dum
1287 1394 1354 1435 eam
1371 1372 1468 1436 variis

514 1474 775 1562 proprietatibus,
795 1486 828 1538 et
851 1472 961 1536 formis
983 1473 1076 1558 quasi
1098 1473 1164 1536 suis
1183 1473 1376 1559 quibusdam
1397 1496 1465 1537 ves-

515 1578 603 1642 tibus
616 1576 734 1654 induit,
747 1588 779 1639 et
795 1575 859 1638 suis
870 1595 1019 1638 sensuum
1032 1574 1293 1660 perceptibilibus
1306 1573 1468 1653 informat,

513 1703 578 1766 quo
587 1677 686 1765 possit
697 1678 803 1764 aptius
815 1677 954 1742 humano
965 1676 1092 1760 ingenio
1102 1677 1338 1762 comprehendi.
1370 1677 1465 1755 Quod

514 1782 616 1866 igitur
632 1802 742 1844 sensus
763 1780 913 1865 percipit,
928 1780 1102 1865 formisque
1125 1781 1302 1866 subjectum
1326 1790 1383 1861 est,
1404 1781 1468 1844 siu-

514 1881 631 1968 gularis
644 1895 677 1945 et
688 1882 790 1966 prima
799 1881 977 1946 substantia
987 1895 1046 1946 est.
1092 1882 1130 1946 ld
1148 1904 1233 1959 vero,
1250 1882 1317 1947 sine
1333 1906 1398 1969 quo
1413 1882 1467 1945 illa

514 2006 571 2047 nec
593 2006 671 2061 esse,
692 2005 749 2046 nec
771 1981 905 2066 intelligi
930 1996 1047 2068 potest,
1069 1983 1097 2047 ei
1121 1984 1329 2049 substantiale
1350 1999 1409 2062 est,
1431 1998 1464 2048 et

514 2082 704 2168 plerumque
716 2082 852 2146 secunda
863 2082 1041 2147 substantia
1050 2082 1243 2147 nominatur.
1276 2083 1348 2148 Hoc
1358 2097 1464 2148 autem

516 2183 602 2270 quod
617 2183 706 2248 adest
727 2181 856 2269 quidem
881 2183 1080 2263 substantias,
1094 2198 1126 2249 et
1145 2207 1183 2249 ea
1197 2201 1343 2250 manente
1358 2186 1466 2250 abesse

515 2297 632 2370 potest,
653 2284 869 2350 accidentibus
895 2298 1097 2370 aggregatur.
1144 2286 1311 2372 Singulare
1336 2286 1467 2374 quidem
1489 2299 1492 2303 '

516 2389 541 2451 si
565 2409 646 2452 unus
668 2399 791 2450 tantum
813 2390 874 2450 sit:
901 2386 1086 2462 universale,
1108 2387 1146 2467 si,
1160 2389 1234 2467 licet
1254 2411 1316 2453 uon
1339 2401 1465 2463 natura,

514 2488 735 2553 conformitate
756 2500 861 2552 tamen
885 2488 924 2553 sit
948 2511 1115 2552 commune
1141 2477 1325 2554 niarltorum.
1370 2491 1465 2569 Quod

513 2592 595 2656 forte
623 2591 748 2655 facilius
777 2590 808 2654 iu
836 2590 1012 2670 intellectu,
1036 2613 1134 2677 quam
1160 2594 1192 2654 in
1215 2604 1333 2681 natura
1357 2615 1465 2657 rerum

512 2693 629 2778 poterit
645 2692 790 2770 inveniri,
806 2691 837 2754 in
853 2713 919 2776 quo
934 2713 1050 2776 genera
1065 2705 1097 2756 et
1114 2692 1245 2778 species,
1261 2692 1465 2771 differentias,

512 2794 651 2880 propria,
677 2807 709 2857 et
738 2792 923 2867 accidentia,
951 2814 1025 2879 quae
1055 2794 1275 2858 universaliter
1304 2794 1465 2872 dicuutur,

513 2894 645 2979 planum
660 2904 707 2955 est
722 2894 875 2971 invenire,
890 2914 994 2977 quum
1004 2896 1036 2957 in
1048 2905 1120 2957 actu
1136 2916 1241 2957 rerum
1256 2895 1465 2959 substantiam

514 2991 741 3057 universalium
767 3014 910 3077 quaerere
935 2995 1073 3078 exiguus
1096 2994 1221 3059 fructus
1243 2972 1349 3072 sit1et
1376 2996 1466 3060 labor

514 3094 668 3171 infinitus,
675 3094 707 3157 in
714 3105 819 3157 mente
830 3117 906 3157 vero
917 3094 1038 3159 utiliter
1049 3109 1081 3161 et
1091 3096 1240 3162 facillime
1252 3101 1463 3184 reperiuntur.

516 3196 549 3260 Si
562 3198 644 3260 enim
657 3194 723 3259 solo
734 3218 840 3259 rerum
853 3218 985 3260 numero
996 3196 1211 3263 differentium
1224 3199 1463 3264 substantialem

514 3297 751 3364 similitudinem
773 3299 846 3384 quis
866 3312 972 3363 mente
991 3313 1176 3384 pertractet,
1199 3301 1334 3386 speciem
1357 3313 1463 3367 tenet:

515 3400 549 3466 Si
572 3423 643 3464 vero
663 3400 756 3465 etiam
779 3404 882 3486 specie
902 3401 1116 3467 differentium
1133 3403 1353 3467 convenientia
1366 3402 1466 3468 menti

495 3514 669 3578 occurrat,
700 3502 823 3587 generis
854 3501 991 3566 latitudo
1017 3515 1123 3568 mente
1150 3503 1353 3568 diffunditur.
1399 3506 1464 3567 De·

513 3607 612 3691 nique
641 3604 719 3669 dum
750 3626 866 3678 rerum,
894 3628 975 3690 quas
999 3617 1114 3670 natura
1141 3604 1390 3671 substantialiter
1416 3604 1466 3669 vel

514 3704 750 3772 accidentaliter
771 3705 967 3785 assimilavit,
988 3707 1241 3772 conformitatem
1261 3710 1398 3794 percipit
1418 3707 1466 3769 in-

514 3809 672 3885 tellectus,
716 3808 942 3873 universalium
981 3810 1258 3892 comprehensione
1294 3819 1464 3880 movetur;

515 3934 612 3995 quum
636 3934 710 3975 vero
733 3911 882 3976 similium
911 3911 1106 3975 differentias
1132 3910 1245 3996 agitat,
1266 3921 1387 3994 quanto
1409 3932 1464 3974 ex-

473 3986 479 4075 l
517 4012 666 4095 pressius,
678 4023 768 4077 tanto
784 4014 825 4077 ad
839 4035 938 4098 opera
952 4029 1088 4088 naturae,
1104 4035 1179 4097 quae
1193 4009 1366 4095 singularia
1380 4026 1465 4091 suut,

468 4078 479 4213 l
515 4110 701 4175 familiarius
716 4111 849 4194 accedit,
865 4115 891 4177 si
912 4113 1124 4178 substantiam
1144 4113 1209 4176 suis
1230 4110 1377 4175 vestitam
1393 4132 1465 4197 pro-

515 4213 707 4299 prietatibus
722 4214 859 4299 inspicit,
876 4239 894 4280 a
910 4229 1034 4280 naturae
1049 4214 1229 4279 conditione
1243 4238 1305 4279 nou
1322 4214 1464 4281 divertit.

514 4316 570 4382 Sin
584 4328 690 4379 autem
706 4315 848 4381 detracta
863 4319 977 4404 specie,
993 4340 1060 4382 eam
1078 4317 1170 4403 quasi
1185 4316 1464 4415 samagam-emit

515 4416 714 4494 vestimento,
735 4439 865 4483 acumen
888 4417 1018 4503 quidem
1037 4440 1127 4483 suum
1150 4417 1287 4499 exercet,
1306 4432 1339 4483 ct
1360 4437 1465 4481 rerum

514 4508 687 4557 edm*-
