3575 5575
353 845 423 889 cnr.
440 828 502 906 aa]
724 845 978 890 maronamcus.
1240 830 1300 889 251

352 1015 424 1058 cum
446 993 593 1059 Christo:
617 1006 650 1059 et
672 995 829 1060 sententia
848 995 978 1081 quidem
999 1015 1074 1058 vera
1095 1006 1155 1071 est,
1171 993 1197 1056 si
1218 995 1301 1058 inter

352 1092 463 1157 mundi
486 1093 590 1172 dores,
612 1107 742 1181 reputes
763 1095 918 1160 lenocinia
941 1095 1101 1160 vitiorum.
1144 1095 1246 1180 Atqui
1268 1106 1300 1158 et

350 1219 439 1281 reges
459 1199 571 1261 florere
590 1208 734 1283 possunt,
755 1209 787 1261 et
809 1192 1022 1262 mundialium
1044 1195 1158 1260 florum
1182 1195 1300 1260 dulcis·

349 1298 444 1362 simos
454 1311 486 1363 et
499 1299 682 1364 utilissimos
693 1299 725 1362 in
736 1312 890 1364 aeternum
903 1321 1032 1385 carpere
1043 1298 1177 1364 fructus.
1212 1298 1299 1373 Quid

348 1412 456 1464 autem
475 1400 600 1465 beatius
617 1414 675 1480 est,
689 1423 788 1486 quam
809 1400 836 1465 si
856 1399 898 1464 de
912 1399 1035 1466 divitiis
1049 1398 1090 1463 ad
1106 1399 1243 1474 divitias,
1259 1400 1299 1464 de

348 1499 467 1564 delitiis
491 1501 533 1565 ad
558 1501 693 1582 delitias,
713 1500 754 1563 de
779 1499 882 1585 gloria
907 1500 948 1563 ad
977 1499 1109 1584 gloriam
1134 1499 1298 1584 Principes

348 1600 591 1680 transferantur,
606 1601 646 1665 de
661 1599 893 1686 temporalibus·
904 1598 945 1663 ad
960 1605 1103 1664 aeterna?

455 1877 534 1960 Cap.
552 1882 601 1940 11.
625 1878 710 1950 Quae
723 1879 767 1938 sit
779 1877 846 1940 olio
862 1896 977 1940 merces
991 1876 1195 1956 Principum.

391 2013 465 2075 Nuc
486 2021 592 2073 tamen
612 2008 699 2093 quod
716 2008 817 2072 literae
831 2012 934 2093 prima
954 2007 1050 2072 facies
1064 2007 1224 2092 promittit
1239 2030 1294 2072 ex·

345 2108 660 2196 cludo,quaeetlongi
670 2109 820 2194 temporis
829 2132 962 2194 regnum
970 2109 1128 2196 promittit
1138 2110 1294 2194 patribus

344 2223 375 2276 et
390 2211 532 2296 ejusdem
548 2209 956 2296 successionemprotendit
971 2209 1011 2274 ad
1026 2209 1118 2286 filios,
1135 2209 1190 2296 qui
1210 2211 1293 2277 sicut

345 2313 527 2398 temporalis
550 2313 652 2397 regni,
678 2312 724 2377 ita
748 2323 843 2376 erunt
869 2325 902 2375 et
932 2324 1060 2377 aeternae
1085 2311 1294 2376 beatitudiuis

344 2436 546 2478 successores.
592 2416 664 2478 Scio
686 2413 769 2477 enim
791 2412 869 2500 quia
890 2412 943 2477 lex
965 2413 1082 2477 carnali
1104 2413 1225 2500 populo
1247 2413 1292 2478 lo·

341 2516 512 2601 quebatur‚
543 2516 600 2601 qui
629 2538 683 2580 cor
711 2515 818 2580 adhuc
848 2515 968 2579 habens
998 2515 1169 2600 lapideum,
1198 2516 1294 2581 incir-

341 2616 501 2681 cumcisus
526 2631 640 2693 mente,
663 2640 726 2681 non
750 2639 854 2696 carne,
876 2616 976 2680 vitam
1000 2639 1039 2679 ex
1066 2639 1180 2699 magna
1201 2630 1292 2702 parte

342 2718 500 2781 nesciebat
530 2731 692 2794 aeternam,
719 2717 945 2802 magnifaciens
974 2717 999 2780 si
1026 2717 1056 2779 ei
1082 2717 1168 2782 bona
1198 2730 1290 2782 terrae

341 2820 506 2896 darentur,
531 2822 581 2886 vel
606 2821 868 2908 promitterentur
890 2820 924 2884 in
949 2819 1066 2884 cibum.
1112 2821 1292 2886 Cernaliter

340 2921 448 3008 itaque
470 2923 603 3009 sapienti
624 2924 709 2988 facta
731 2935 778 2987 est
797 2922 963 3009 promissio
985 2922 1099 3002 carnis,
1118 2934 1151 2987 et
1172 2923 1200 2987 ei
1219 2946 1292 3010 pro-

341 3026 436 3089 missa
460 3039 508 3091 est
538 3025 728 3093 diuturnitas
755 3025 918 3113 temporis,
943 3026 998 3112 qui
1028 3026 1171 3091 nondum
1201 3048 1289 3112 spem

339 3142 526 3214 conceperat
545 3143 672 3195 aeternae
692 3129 908 3209 beatitudinis,
925 3141 957 3193 et
977 3128 1150 3214 temporale
1169 3130 1202 3192 in
1218 3152 1288 3193 suc·

339 3230 509 3294 cessionem
525 3231 663 3294 filiorum
682 3229 885 3317 protenditur
901 3250 1034 3313 reguum
1050 3228 1125 3306 illis,
1140 3228 1197 3313 qui
1212 3251 1289 3293 non-

338 3331 415 3396 dum
440 3334 625 3418 quaerebant
650 3345 815 3397 aeternum.
860 3330 950 3396 Patri
974 3353 1049 3415 ergo
1073 3330 1290 3417 temporaliter

339 3436 477 3498 succedit
500 3434 597 3511 filius,
620 3433 645 3497 si
667 3434 767 3519 patris
786 3433 948 3517 justitiam
971 3431 1125 3497 imitatur.
1172 3433 1288 3515 Aufer,

338 3532 442 3618 inquit
471 3535 629 3611 Salomon,
652 3536 849 3621 impietatem
872 3535 913 3598 de
937 3534 1031 3599 vultu
1055 3535 1150 3617 regis,
1174 3548 1206 3599 et
1233 3536 1287 3599 fir·

338 3632 480 3695 mabitur
496 3635 624 3718 justitia
645 3635 780 3698 thronus
797 3636 875 3720 ejus.
924 3634 958 3698 Si
977 3635 1059 3698 enirn
1082 3658 1102 3698 a
1124 3636 1228 3710 vultu,
1251 3636 1286 3699 id

337 3747 397 3815 est,
412 3758 432 3798 a
454 3735 617 3799 voluntate
639 3736 757 3800 recedit
777 3736 934 3818 impietas
949 3737 1050 3800 totius
1068 3735 1157 3818 regui
1177 3756 1286 3818 opera,

337 3838 427 3923 virga
442 3837 613 3924 aequitatis,
628 3846 660 3900 et
680 3838 772 3900 cultu
791 3836 929 3923 justitiae
949 3835 1143 3921 diriguntur.
1191 3837 1286 3901 Unde

336 3940 437 4005 illud:
476 3944 547 4006 Rex
570 3940 628 4025 qui
646 3938 733 4003 sedet
753 3939 786 4002 in
810 3937 875 4001 sole
891 3936 1019 4021 judicii,
1039 3937 1173 4024 dissipat
1193 3961 1285 4003 omne

336 4042 454 4106 malum
469 4044 587 4108 intuitu
604 4065 672 4107 suo.
707 4045 791 4106 Ecce
805 4051 926 4125 quanto
941 4038 1109 4125 privilegio
1122 4040 1284 4125 gaudeant

335 4146 508 4231 Principes,
528 4146 648 4230 quibus
669 4158 705 4209 ut
727 4144 766 4208 de
791 4155 910 4207 aterna
932 4141 1129 4206 beatitudine
1150 4155 1282 4218 taceam,

335 4260 543 4331 perpetuatur
565 4250 655 4332 regni
676 4245 788 4331 gloria,
802 4245 900 4308 etiam
919 4244 951 4306 in
972 4264 1065 4308 carne
1083 4256 1114 4309 et
1130 4246 1283 4330 sanguine

335 4370 403 4412 suo.
433 4350 599 4413 Gloriatur
611 4349 768 4413 Dominus
780 4347 925 4411 sevirum
939 4347 1096 4412 invenisse
1108 4347 1283 4413 secundum

210 4498 216 4507 .
332 4471 386 4512 cor
401 4472 506 4529 suum,
522 4463 552 4514 et
568 4472 669 4537 quum
690 4450 809 4515 eumin
833 4450 922 4534 regni
938 4450 1058 4535 apicem
1079 4447 1281 4535 postmodum
