3575 5575
296 817 366 860 can
383 797 502 880 axum]
692 813 948 858 PoLi'cRATlcus·
1188 801 1251 860 141·

297 988 358 1028 non
373 977 490 1050 parcet,
506 977 537 1028 et
549 963 749 1050 poenitudine
763 986 823 1027 non
834 963 990 1029 flectetur.
1036 966 1150 1050 Neque
1164 964 1247 1028 enim

297 1067 391 1130 homo
406 1079 465 1142 est,
482 1079 519 1129 ut
534 1078 607 1150 agat
624 1064 855 1150 poenitentiam.
901 1067 948 1129 At
963 1064 1018 1128 ille
1028 1069 1085 1140 ait,
1105 1064 1245 1129 Peccavi.

297 1165 360 1231 Sed
376 1190 459 1230 nnnc
474 1167 594 1230 honora
610 1189 659 1230 me
681 1187 785 1230 coram
802 1162 979 1252 senioribus
1001 1163 1111 1250 populi
1126 1163 1198 1240 mei,
1214 1176 1247 1227 et

297 1289 402 1332 coram
428 1268 537 1346 Israel,
559 1281 591 1331 et
615 1281 770 1330 revertere
793 1289 928 1344 mecum,
945 1279 980 1330 ut
996 1266 1122 1329 adorem
1140 1265 1251 1330 Domi-

298 1392 375 1434 num
393 1373 497 1434 Deurn
516 1382 618 1432 tuum.
650 1369 733 1430 Ecce
749 1380 868 1450 quanta
890 1367 1034 1431 elationis
1048 1366 1178 1431 insania.
1209 1367 1252 1429 Se

297 1469 456 1554 dejectum
480 1471 571 1534 audit
587 1493 606 1533 a
621 1467 770 1544 Domino,
795 1480 827 1530 et
851 1480 954 1531 tamen
985 1470 1077 1551 quasi
1099 1491 1136 1530 eo
1152 1468 1253 1531 invito

299 1593 432 1652 regnare
461 1569 633 1633 contendit.
679 1571 826 1650 Regnum
854 1567 976 1630 meliori
1004 1568 1158 1630 traditum
1184 1591 1252 1631 esse

300 1693 361 1733 non
372 1671 517 1752 ambigit,
528 1684 559 1732 et
568 1669 712 1752 privatus
724 1691 780 1754 per
792 1668 977 1732 sententiam
988 1667 1250 1733 irretractabilem

300 1771 389 1855 regni
405 1771 538 1856 gloriam
563 1769 783 1833 fraudulenter
800 1781 946 1853 usurpat.
990 1770 1121 1835 Corruit
1142 1770 1252 1856 itaque

301 1875 379 1938 dum
394 1874 427 1936 in
450 1873 584 1937 vetitum
609 1871 738 1936 molitur
759 1871 939 1946 ascendere,
954 1885 986 1935 et
1010 1871 1047 1935 fit
1072 1871 1175 1956 seipso
1197 1873 1252 1935 de·

302 1975 410 2053 terior,
421 1975 499 2038 dum
513 1973 647 2049 meliori,
658 1971 846 2036 reclamante
855 1971 1005 2048 Domino,
1019 1972 1088 2037 vult
1098 1973 1252 2059 praeferri.

304 2077 439 2141 Fatetur
454 2075 601 2160 equidem
624 2074 765 2158 culpam,
783 2073 837 2136 sed
853 2096 979 2158 poenam
1003 2088 1129 2158 portare
1144 2075 1255 2160 dedig-

302 2191 419 2250 natur;
445 2177 503 2240 hoc
524 2191 571 2241 est
598 2176 682 2240 enim
711 2175 799 2261 quod
825 2174 879 2250 ait,
913 2176 1067 2241 Peccavi:
1089 2177 1145 2241 sed
1168 2200 1254 2240 nunc

301 2280 420 2342 honora
431 2301 490 2343 me.
515 2284 558 2342 Ac
571 2278 705 2342 sidicat:
723 2281 829 2351 Quum
841 2277 980 2341 criminis
991 2278 1097 2364 culpa,
1109 2279 1254 2344 elationis

301 2381 398 2458 fastu,
415 2382 541 2466 tyranni
555 2380 794 2466 nequitiajuste
810 2378 952 2465 dejectus
963 2385 1120 2446 contemni
1132 2403 1255 2444 merue-

302 2485 374 2560 rim,
386 2505 435 2544 me
446 2482 598 2567 patientia
609 2494 664 2546 tua
674 2481 705 2544 in
717 2495 887 2564 conspectu
899 2503 1008 2544 eorum
1018 2481 1073 2566 qui
1084 2504 1147 2544 non
1158 2503 1255 2545 nove-

303 2601 379 2648 runt
399 2584 564 2646 consilium
585 2582 725 2656 Domini,
745 2582 840 2646 faeiat
859 2581 1046 2665 gloriosum.
1083 2588 1256 2647 Revertere

303 2707 380 2768 ergo
396 2706 529 2755 mecum,
549 2696 583 2746 ut
601 2697 657 2745 tuo
672 2682 814 2744 incedam
838 2681 1019 2763 fastigiatus
1036 2683 1202 2767 obsequio,
1222 2695 1255 2748 et

307 2799 397 2850 tanto
412 2785 549 2869 stipatus
564 2782 730 2859 comitatu,
746 2794 834 2845 tanta
851 2781 1038 2845 venerabilis
1058 2764 1259 2866 auctoiitate‚

305 2886 433 2949 adorem
451 2884 625 2951 Dominum
645 2886 747 2948 Deurn
765 2897 869 2955 tuum,
887 2884 1037 2968 quoniam
1053 2907 1157 2951 meum
1173 2885 1258 2951 ultra

307 2987 412 3050 dicere
428 3008 489 3050 non
500 2985 611 3064 audeo,
623 2985 680 3071 qui
695 2986 736 3049 ab
748 3008 785 3048 eo
794 3008 851 3071 per
861 2985 1106 3051 inobedientiam
1118 2987 1259 3069 discessi,

306 3102 339 3151 et
359 3088 464 3151 arlhuc
486 3110 543 3173 per
566 3087 796 3151 contumaciam
822 3086 945 3151 recedo.
992 3088 1086 3151 Adeo
1103 3089 1259 3175 siquidem

309 3191 504 3255 intumuerat
517 3189 648 3275 spiritus
659 3190 737 3275 ejus,
753 3202 788 3253 ut
799 3212 830 3251 se
843 3212 905 3251 non
918 3189 1012 3253 modo
1023 3191 1152 3271 homini,
1162 3194 1215 3256 sed
1226 3207 1260 3260 et

308 3291 1259 3382 ipsiDeoseipsumquodammodopropriaeimpietatisausu

309 3396 486 3481 praeferret.
531 3399 633 3469 Quem
650 3394 732 3457 enim
751 3394 909 3459 Dominus
926 3396 1122 3479 praetulerat,
1139 3412 1262 3483 quanto

309 3498 421 3582 majori
437 3497 540 3580 gratia
556 3496 683 3559 videbat
700 3496 884 3580 praeditum,
907 3509 996 3560 tanto
1011 3498 1124 3562 acriori
1139 3501 1260 3565 invidia

310 3600 339 3660 ei
358 3598 498 3660 occultas
522 3597 669 3660 tendebat
693 3596 833 3672 insidias,
857 3610 921 3661 tam
946 3599 1139 3674 manifestas,
1162 3624 1260 3685 quam
1336 3618 1341 3627 ·

310 3697 437 3784 iniquas
452 3718 599 3760 exercens
618 3695 818 3760 inimicitias:
843 3710 875 3760 et
890 3718 955 3781 quo
975 3698 1173 3764 manifestius
1187 3724 1260 3764 eam

312 3799 470 3864 Dominus
492 3796 677 3871 extollebat,
694 3819 731 3858 eo
753 3798 889 3871 avidius,
913 3821 975 3859 non
992 3810 1056 3861 tam
1073 3798 1262 3882 deprimere,

312 3923 407 3984 quarn
424 3899 612 3982 extinguere
627 3897 952 3982 properabatipsique
969 3896 1040 3961 Deo
1055 3921 1088 3961 se
1103 3923 1120 3962 e
1135 3902 1265 3983 regione

311 4004 400 4085 ponit
416 3998 609 4085 oppositum,
624 3997 701 4061 dum
718 3998 745 4060 ei
763 3996 921 4082 surripere
941 4013 997 4061 aut
1012 3997 1134 4083 eripere
1149 4000 1263 4066 nititur

307 4103 381 4185 jura
403 4124 583 4185 regnorum.
631 4100 773 4184 Dignum
797 4122 873 4183 ergo
896 4100 960 4164 fuit
986 4114 1099 4165 utnon
1122 4116 1263 4168 maneret

314 4208 346 4266 in
362 4226 400 4263 eo
422 4203 551 4285 spiritus
571 4201 708 4273 Domini,
725 4201 782 4286 qui
803 4224 963 4265 corsuum
981 4224 1042 4264 nou
1064 4203 1158 4266 modo
1174 4204 1262 4268 habi·

316 4300 469 4378 taculum,
484 4301 537 4363 sed
554 4315 585 4363 et
601 4314 698 4363 tantae
711 4300 861 4385 nequitiae
877 4302 994 4363 fecerat
1010 4300 1264 4369 fundamentum.

313 4400 502 4484 Exagitavit
518 4422 589 4463 eum
605 4401 714 4485 itaque
730 4401 861 4485 spiritus
881 4422 1017 4483 nequam
1034 4421 1053 4461 a
1069 4403 1218 4480 Domino,
1234 4417 1265 4469 et
