3575 5575
521 853 584 914 306
782 863 918 908 soranis
935 861 1211 907 saansanarsusrs
1345 843 1427 927 [uns.
1443 861 1473 906 v.

522 1014 661 1082 retineri.
707 1014 787 1092 Quis
807 1026 855 1079 est
877 1013 961 1077 enim
984 1014 1036 1077 cui
1056 1013 1209 1077 virtutem
1231 1034 1295 1076 non
1310 1011 1476 1077 excutiant

524 1115 690 1182 curialium
705 1117 824 1199 ougae?
858 1115 941 1191 Quis
958 1124 1005 1177 est
1026 1125 1148 1187 tantus,
1163 1111 1234 1198 quis
1257 1125 1323 1176 tam
1344 1109 1476 1187 solidus,

524 1229 562 1282 ut
584 1213 742 1299 corrumpi
768 1236 830 1277 uon
858 1215 985 1300 possit?
1023 1212 1175 1298 Optimus
1201 1225 1250 1277 est
1276 1215 1335 1298 qui
1360 1211 1478 1276 resistit

524 1317 657 1395 diutius,
672 1319 728 1401 qui
748 1315 899 1392 validius,
914 1316 970 1401 qui
993 1315 1212 1401 corrumpitur
1231 1315 1346 1379 minus.
1392 1313 1476 1376 Nam

525 1433 562 1484 ut
577 1419 617 1483 sit
633 1418 736 1482 virtus
753 1416 932 1498 incolumis,
946 1441 965 1480 a
980 1415 1149 1483 curialium
1168 1417 1235 1482 vita
1254 1414 1477 1480 divertendum

524 1534 582 1587 est.
616 1518 764 1600 Provide,
774 1519 922 1605 quisquis
936 1520 996 1586 hoc
1008 1518 1137 1598 dixerit,
1148 1530 1181 1582 et
1192 1518 1365 1605 prudenter
1379 1519 1478 1581 curiae

525 1635 672 1694 naturam
693 1624 866 1707 expressit:

944 1737 1102 1802 exeataula,

771 1823 1037 1896 Quivultessepius

527 1926 624 1992 Unde
645 1928 807 2013 eleganter
829 1926 902 1991 loos
924 1926 1086 2002 Salmacis,
1109 1926 1241 1990 infamia
1264 1925 1408 1990 molliciei
1431 1925 1478 1989 in·

526 2031 636 2116 signis,
657 2030 760 2094 eidem
784 2041 997 2115 comparatur.
1043 2029 1092 2093 Ut
1115 2028 1198 2093 enirn
1221 2029 1254 2091 in
1276 2027 1397 2094 fabulis
1417 2041 1477 2105 est,

525 2131 612 2195 unda
633 2128 721 2193 illius
742 2143 873 2215 aspectu
894 2130 1010 2194 decora
1031 2142 1091 2210 est,
1112 2149 1213 2216 gustu
1237 2129 1351 2210 dulcis,
1373 2129 1480 2194 suavis

525 2245 627 2306 tactu,
641 2245 672 2297 et
689 2231 829 2296 omnium
851 2255 1001 2296 sensuum
1024 2255 1083 2298 usu
1101 2232 1294 2318 gratissima,
1310 2231 1365 2295 sed
1388 2242 1479 2296 tanta

524 2335 660 2400 mollicie
675 2334 888 2418 ingredientes
908 2349 1049 2412 enervat,
1066 2346 1103 2398 ut
1126 2334 1202 2398 viris
1222 2334 1410 2398 effeminatis
1422 2357 1480 2397 no·

524 2437 668 2500 biliorem
681 2435 801 2500 adimat
811 2458 941 2510 sexum3
969 2456 1026 2500 neo
1039 2447 1113 2499 ante
1124 2435 1292 2521 quisquam
1305 2433 1480 2520 egreditur,

525 2560 622 2624 quam
639 2548 767 2622 stupeat
781 2548 814 2600 et
829 2536 936 2601 doleat
952 2561 984 2601 se
999 2549 1160 2601 mutatum
1177 2558 1246 2600 esse
1265 2541 1298 2602 in
1318 2536 1478 2600 feminam.

526 2643 597 2706 Aut
617 2639 702 2705 enim
723 2638 837 2703 cedens
857 2640 986 2703 omnino
1008 2661 1105 2705 sexus
1125 2641 1156 2702 in
1178 2638 1365 2704 deteriorem
1384 2639 1479 2722 dege-

524 2754 627 2822 nerat,
641 2755 697 2806 aut
720 2740 835 2806 veteris
856 2741 1022 2827 diguitatis
1044 2740 1152 2827 aliquo
1173 2754 1319 2807 manente
1334 2740 1479 2827 vestigio,

524 2844 822 2930 hermaphroditum
852 2846 971 2925 induit,
1001 2844 1058 2931 qui
1088 2844 1230 2930 quodam
1265 2844 1479 2933 delinquentis

524 2959 650 3011 naturae
672 2946 824 3020 ludibrio,
851 2950 896 3011 sic
922 2949 1091 3032 utriusque
1118 2968 1212 3011 sexus
1237 2960 1376 3011 ostentat
1401 2947 1479 3011 ima·

525 3049 642 3135 ginem,
665 3061 704 3114 ut
726 3050 872 3113 neutrius
894 3050 1028 3114 retineat
1052 3053 1229 3115 veritatem.
1275 3052 1348 3115 Hac
1371 3063 1479 3115 autem

524 3150 641 3237 poetici
663 3151 747 3216 nube
769 3150 914 3236 figmenti
937 3172 1094 3237 nugarum
1118 3151 1286 3217 curialium
1309 3175 1480 3239 repraesen-

524 3264 614 3317 tatur
628 3252 746 3337 imago,
761 3278 836 3339 quae
853 3254 937 3317 viros
952 3254 1076 3339 abjecta
1092 3253 1212 3317 virtute
1229 3254 1406 3329 emolliunt,
1422 3269 1480 3320 aut

526 3355 655 3417 virtutis
676 3353 814 3439 imagine
835 3367 961 3419 retenta
982 3367 1180 3441 pervertunt.
1225 3356 1289 3431 Qui
1310 3356 1481 3421 curialium

524 3453 662 3538 ineptias
683 3454 799 3536 induit,
820 3470 852 3521 et
875 3456 1067 3542 philosophi,
1089 3457 1139 3522 vel
1161 3458 1235 3522 boni
1257 3460 1317 3522 riri
1338 3459 1480 3523 officium

525 3555 705 3641 pollicetur,
731 3558 1027 3644 Hermaphroditus
1052 3575 1111 3638 est,
1139 3560 1194 3647 qui
1221 3561 1303 3625 duro
1327 3560 1420 3625 vultu
1447 3574 1480 3627 et

525 3658 654 3745 hispido
679 3658 864 3726 muliebrem
893 3660 1046 3748 deturpat
1076 3675 1286 3741 venustatem,
1312 3678 1344 3729 et
1374 3664 1480 3727 virum

525 3762 738 3827 muliebribus
753 3762 881 3848 polluit,
897 3778 929 3829 et
952 3762 1094 3829 incestat.
1139 3767 1205 3829 Res
1220 3765 1376 3851 siquidem
1392 3786 1481 3829 mou-

526 3876 650 3928 struosa
669 3878 728 3945 est,
745 3864 960 3951 Philosophus
980 3866 1127 3931 curialis:
1155 3880 1188 3931 et
1209 3865 1286 3931 dum
1305 3880 1480 3952 utrumque

525 3986 592 4027 esse
606 3965 745 4040 affectat,
757 3980 908 4031 neutrum
920 3981 982 4046 est,
993 3992 1030 4032 eo
1042 3968 1130 4054 quod
1142 3969 1231 4034 cirria
1247 3969 1477 4056 philosophiam

523 4064 679 4142 excludit,
690 4081 722 4131 et
734 4069 870 4153 ineptias
881 4069 1015 4135 curiales
1025 4069 1235 4157 philosophus
1246 4092 1481 4159 usquequaque

524 4189 587 4232 non
598 4167 719 4253 recipit.
757 4174 832 4233 Non
844 4181 950 4236 tamen
962 4172 1002 4235 ad
1015 4194 1140 4239 omnem
1153 4175 1273 4239 curiam
1282 4175 1481 4260 comparatio

524 4269 646 4346 transit,
671 4270 726 4335 sed
748 4270 790 4335 ad
812 4269 899 4336 illam
922 4272 1092 4353 duntaxat,
1115 4300 1188 4362 quaa
1210 4275 1389 4362 insipientis
1415 4273 1482 4339 dis·

525 4386 722 4458 temperatur
748 4372 891 4440 arbitrio.
936 4376 1001 4453 Qui
1028 4378 1111 4441 enim
1140 4378 1266 4463 sapiens
1291 4391 1351 4456 est,
1377 4400 1481 4461 nugas

520 4474 634 4559 abigit,
659 4477 818 4562 componit
845 4478 988 4560 domum,
1011 4492 1041 4543 et
1070 4481 1217 4546 universa
1238 4480 1326 4545 illius
1349 4480 1480 4565 subjicit
