3575 5575
507 832 570 891 298
770 844 906 889 Joauurs
922 841 1197 888 saansaanmnsrs
1333 819 1414 898 [nra.
1430 839 1460 882 v.

508 994 632 1068 cedere,
658 994 735 1058 dum
760 992 863 1077 gretia
887 991 1012 1076 proficit
1035 990 1075 1056 ad
1098 988 1266 1061 virtutem3
1293 987 1369 1073 quia
1389 987 1457 1072 jam

507 1117 571 1159 non
587 1094 680 1160 timet
694 1093 859 1170 serviliter,
875 1095 930 1180 qui
945 1093 1034 1159 filiali
1049 1092 1164 1156 affectu
1179 1091 1220 1155 ad
1236 1091 1458 1164 reverentiam,

507 1209 540 1261 et
554 1197 639 1261 bona
653 1217 749 1281 opera
767 1196 928 1260 incitatur.
975 1197 1119 1281 Semper,
1135 1192 1240 1280 inquit
1253 1193 1367 1258 beatus
1381 1192 1455 1269 Job,

507 1299 596 1386 quasi
611 1309 773 1364 tumentes
786 1299 902 1363 fluctus
916 1319 1010 1384 super
1023 1320 1075 1362 rna
1091 1297 1185 1362 timui
1201 1298 1320 1373 Deum,
1333 1306 1366 1360 et
1381 1317 1461 1380 pon-

507 1400 566 1464 dus
581 1401 650 1485 ejus
664 1402 746 1464 ferre
767 1422 830 1464 non
854 1399 954 1484 potui.
1002 1398 1124 1486 Utique
1140 1421 1173 1463 se
1189 1420 1252 1462 non
1268 1397 1459 1484 quandoque

508 1501 586 1566 dicit
610 1502 762 1578 timuisse,
789 1502 845 1567 sed
871 1523 1008 1588 semper,
1033 1515 1067 1566 et
1091 1523 1164 1565 eum
1191 1500 1368 1586 perlectum
1391 1521 1459 1564 esse

507 1626 571 1668 non
586 1604 724 1681 dubitas,
739 1604 791 1668 cui
805 1603 904 1690 ipsius
924 1603 1057 1667 Domini
1078 1603 1270 1680 testimonie,
1287 1602 1335 1669 vir
1349 1600 1459 1667 similis

507 1728 570 1770 nou
586 1707 701 1772 eratin
716 1717 811 1772 terra.
849 1705 919 1770 Nec
938 1727 1013 1769 eum
1029 1718 1117 1770 metu
1132 1726 1310 1792 poenarum,
1326 1704 1457 1768 caritate

507 1808 656 1889 deducta,
677 1807 830 1872 credibile
852 1818 901 1871 est
922 1829 942 1871 a
964 1807 1055 1872 malis
1077 1817 1281 1892 temperasse,
1304 1828 1402 1894 quem
1424 1804 1457 1868 in

507 1908 702 1994 perfectione
712 1907 847 1994 justitiae
858 1907 954 1972 fuisse
970 1929 1031 1972 non
1045 1907 1180 1992 ambigis
1192 1917 1457 1973 consummatum.

507 2011 579 2075 Jam
602 2011 634 2074 in
657 2009 935 2075 commendatione
962 2010 1083 2075 timoris
1109 2032 1213 2075 sermo
1238 2009 1399 2095 processit,
1426 2018 1458 2072 et

506 2113 649 2178 nondum
672 2113 821 2188 innotuit,
838 2113 916 2199 qnid
938 2114 978 2177 sit
1000 2114 1104 2178 timor.
1152 2113 1216 2178 Sed
1239 2113 1361 2176 utinam
1382 2132 1458 2176 con·

506 2213 596 2278 sistat
608 2212 641 2276 in
659 2213 764 2289 corde,
781 2214 872 2298 cujus
886 2213 1058 2299 appellatio
1072 2213 1167 2278 toties
1181 2224 1323 2278 versatur
1344 2212 1377 2276 in
1393 2234 1455 2280 ore.

508 2316 541 2381 Si
556 2315 801 2389 enimmentem
816 2314 871 2380 ille
886 2315 1037 2401 tetigerit,
1046 2315 1156 2401 lingua
1170 2315 1337 2393 efficacius,
1350 2325 1384 2378 et
1397 2313 1457 2379 sibi

506 2417 662 2482 salubrius
681 2418 865 2503 disputabit.
914 2418 997 2482 Nam
1019 2419 1052 2482 in
1075 2441 1129 2483 ore
1151 2418 1268 2484 frustra
1289 2417 1458 2482 volvuntur

506 2520 613 2595 verba,
634 2519 661 2584 si
680 2519 804 2584 virtutis
826 2520 981 2584 deficiunt
1001 2542 1106 2606 opera.
1153 2519 1212 2584 Est
1233 2531 1340 2584 autem
1363 2518 1458 2582 timor

507 2621 583 2704 Dei,
600 2621 682 2687 sicut
703 2621 904 2687 beatissimus
928 2623 1016 2708 Papa
1039 2622 1214 2707 Gregorius
1236 2622 1357 2703 asserit,
1378 2621 1456 2685 nihil

505 2747 616 2791 eorum
632 2746 705 2813 quae
720 2725 844 2811 agenda
859 2735 944 2805 sunt,
960 2725 1214 2812 praetermittere.
1260 2725 1332 2791 Hoc
1347 2724 1457 2812 utique

400 2821 403 2826 ’
506 2827 770 2913 praetermittitur,
796 2828 882 2914 quod
908 2850 967 2893 nec
993 2850 1099 2913 opere,
1125 2850 1185 2892 nec
1210 2828 1373 2893 voluntate
1397 2826 1457 2891 inr-

506 2930 621 3014 pletur.
666 2929 830 3016 Quicquid
858 2932 945 2995 enirn
972 2932 1028 3007 vis,
1055 2942 1089 2994 et
1117 2946 1180 2995 non
1211 2942 1311 3016 potes,
1337 2929 1456 2994 factum

507 3035 597 3097 Dens
623 3043 759 3116 reputat,
783 3055 822 3097 eo
845 3034 931 3119 quod
952 3032 1096 3099 voluntas
1118 3034 1213 3119 plena
1234 3034 1331 3099 totius
1356 3032 1459 3119 operis

506 3136 688 3202 mercedem
705 3136 918 3223 consequitur.
966 3137 1099 3203 Certum
1114 3150 1163 3201 est
1178 3148 1297 3219 autem,
1312 3136 1388 3224 quia
1402 3135 1457 3223 qui

506 3237 616 3301 Deum
638 3237 741 3318 timet,
756 3236 836 3301 nihil
856 3236 1001 3321 negligit,
1018 3247 1051 3301 et
1072 3238 1157 3301 bona
1172 3237 1257 3303 facit.
1303 3237 1369 3311 Qui
1384 3258 1459 3301 vero

506 3338 677 3421 diligenter
701 3339 809 3403 omnia
833 3339 1015 3425 investigat,
1039 3351 1073 3404 et
1098 3340 1231 3424 cognitis
1256 3340 1358 3415 rebus,
1383 3359 1458 3425 quae

506 3450 581 3503 sunt
605 3439 740 3523 agenda,
763 3440 942 3524 exequitur,
965 3439 1174 3525 proculdubio
1199 3439 1322 3526 sapiens
1344 3449 1403 3516 est,
1425 3449 1460 3503 et

506 3538 686 3626 aptissimus
706 3537 842 3602 consiliis
864 3538 1056 3626 principum,
1072 3545 1144 3621 [sen
1159 3565 1179 3605 a
1193 3539 1378 3627 praelatione
1394 3560 1459 3603 non

506 3642 742 3723 estarcendus,
764 3638 938 3706 simorum
961 3641 1116 3727 gravitate
1143 3642 1345 3723 illustratur]
1391 3640 1458 3706 Ubi

506 3757 595 3813 tanta
623 3767 747 3811 morum
776 3744 914 3829 gravitas
942 3744 1129 3822 innotuerit,
1161 3756 1291 3810 aetatem
1320 3742 1458 3830 corporis

506 3850 620 3915 frustra
634 3850 768 3938 quisque
785 3858 941 3913 causatur.
989 3847 1052 3912 Hic
1068 3860 1116 3912 est
1131 3848 1218 3912 enim
1234 3870 1342 3927 senex,
1358 3867 1455 3933 quem

505 3950 757 4035 praeeligendum
797 3947 945 4029 consiliis,
974 3947 1139 4033 sapientiae
1176 3948 1297 4013 monita
1332 3946 1458 4011 docent.

507 4048 565 4113 Ait
590 4052 695 4116 enim:
731 4051 887 4115 Senectus
912 4049 1101 4116 venerabilis
1127 4061 1184 4128 est,
1209 4073 1273 4115 non
1298 4050 1459 4129 diutnma‚

506 4173 611 4238 neque
632 4172 766 4216 numero
789 4173 945 4216 annorum
969 4165 1162 4239 computata.
1214 4153 1326 4219 Gloria
1346 4174 1459 4219 senum

506 4255 648 4321 canities.
682 4254 764 4320 Cani
779 4266 853 4319 sunt
868 4277 977 4321 sensus
993 4257 1141 4336 hominis,
1151 4269 1184 4322 et
1196 4271 1274 4323 aetas
1289 4256 1461 4323 senectutis

506 4360 570 4425 vita
585 4357 800 4425 immaculata.
835 4363 955 4425 Beatus
971 4360 1064 4446 plane
1081 4362 1135 4447 qui
1152 4361 1234 4425 hanc
1250 4359 1462 4445 apprehendit

505 4475 646 4539 atatem,
664 4474 700 4528 nt
714 4463 755 4527 de
771 4463 955 4527 innocentia
971 4465 1054 4541 vitae,
1071 4465 1275 4530 conscientiae
1292 4485 1358 4529 suae
1374 4461 1462 4527 testi-
