3575 5575
343 823 413 868 car.
429 808 492 881 x1.]
697 819 950 867 meruerimus.
1232 802 1296 864 255

343 972 543 1037 manifestum
560 972 759 1050 veneficium,
773 985 805 1036 et
826 969 1031 1058 parricidium
1047 968 1178 1034 auderet
1192 970 1295 1034 absol-

341 1095 424 1153 vere,
448 1074 499 1137 vel
525 1073 713 1150 vindictam,
739 1097 813 1160 quae
840 1075 875 1136 in
905 1072 1032 1158 impios,
1059 1083 1091 1136 et
1121 1070 1294 1155 parricidas

340 1189 545 1260 processerat,
555 1177 771 1241 condemnare.
804 1177 887 1240 Rem
903 1176 1012 1262 itaque
1024 1175 1065 1238 ad
1081 1176 1294 1260 Areopagitas

339 1277 594 1359 Atheniensium,
610 1291 763 1365 tanquam
783 1278 824 1343 ad
842 1277 970 1363 judices
987 1275 1150 1362 graviores
1172 1273 1291 1340 exerci-

335 1378 529 1466 tatioresque
551 1381 668 1465 rejecit.
707 1386 750 1446 At
772 1380 831 1458 illi,
847 1403 942 1444 causa
963 1379 1101 1464 cognita,
1116 1390 1237 1443 actores
1258 1390 1291 1442 et

337 1500 422 1542 ream
438 1479 601 1543 mulierem
618 1481 789 1545 centesimo
803 1501 887 1544 anno
901 1479 1008 1543 adesse
1019 1479 1194 1564 jusserunt.
1240 1479 1290 1541 Sic

336 1593 443 1644 autem
469 1603 574 1665 neque
598 1582 797 1658 veneficium,
825 1579 979 1666 quodde
1006 1579 1077 1664 lege
1102 1602 1164 1643 nou
1188 1579 1290 1659 licuit,

336 1681 517 1747 absolutum
540 1696 598 1763 est,
620 1664 725 1768 neque
746 1704 861 1746 nocens
886 1681 1000 1767 punita
1024 1679 1150 1757 mulier,
1172 1678 1224 1744 cui
1248 1701 1287 1742 cx

336 1782 491 1846 sententia
506 1787 681 1848 multorum
696 1783 788 1846 venia
802 1794 926 1868 poterat
940 1781 1109 1867 indulgeri.
1155 1782 1227 1845 Hoc
1242 1781 1289 1845 ita

333 1884 442 1959 fuisse,
457 1907 560 1948 nonus
576 1885 655 1949 liber
671 1883 921 1949 memorabilium
942 1883 1100 1948 dictorum
1119 1881 1167 1946 vel
1186 1882 1284 1946 facto·

332 2007 404 2048 rum
420 1986 539 2051 Valerii
554 1987 690 2051 Maximi
713 1987 814 2050 docet.
861 1987 1021 2050 Caeterum
1042 1996 1074 2048 et
1091 1985 1239 2064 Brutum,
1254 1995 1284 2047 et

332 2088 495 2152 mulierem
511 2090 683 2175 deliquisse
698 2089 891 2154 consentiam
907 2088 1010 2165 facile,
1022 2110 1060 2150 eo
1073 2087 1161 2172 quod
1177 2109 1284 2151 exces-

331 2191 405 2256 serit
420 2190 577 2254 medicina
592 2191 734 2271 modum,

606 2325 765 2394 nimiumque
778 2331 887 2394 sequuta
899 2331 948 2390 est,

431 2409 493 2472 Qua
504 2411 587 2463 morbi
598 2411 697 2463 duxere
709 2427 824 2462 manum.

328 2529 373 2592 Et
396 2527 469 2593 licet
495 2552 610 2614 magna
636 2530 756 2593 fuerint
779 2529 921 2605 crimina,
944 2527 1147 2614 praestantius
1173 2528 1277 2592 fuerat

327 2630 435 2693 eadem
453 2629 517 2692 sine
539 2630 702 2715 punientis
722 2631 852 2694 crimine
871 2629 1033 2694 vindicari.
1072 2628 1167 2694 Unde
1185 2640 1215 2692 et
1231 2629 1278 2691 in-

325 2729 486 2795 felicitatis
511 2731 723 2796 testimonium
751 2735 855 2795 Bruto
884 2731 1030 2817 perhibet
1060 2729 1154 2796 etiam
1184 2741 1279 2818 poeta

321 2831 487 2896 laudator:
511 2832 555 2897 ait
571 2832 653 2896 enim
669 2832 702 2896 in
719 2844 811 2897 sexto
827 2833 992 2919 Virgilius,

530 2968 665 3034 Natosquc
676 2973 749 3037 pater
760 2984 827 3019 nova
837 2966 908 3019 bella
919 2972 1064 3031 moventes,

425 3050 470 3102 Ad
482 3068 587 3121 poenam
598 3052 705 3124 pulchra
715 3070 761 3125 pro
771 3051 891 3107 libertate
904 3054 1012 3106 vocabat

425 3136 532 3203 Infelix,
542 3142 673 3206 utcunque
683 3137 769 3191 ferent
780 3146 808 3192 et
817 3138 888 3193 facta
899 3142 1019 3193 minores.

318 3258 362 3320 At
377 3255 588 3321 infortunium
605 3258 768 3343 parricidii
788 3259 832 3322 sic
848 3281 941 3323 versu
963 3258 1106 3346 sequenti
1128 3274 1270 3339 excusat,

318 3369 356 3421 ut
372 3357 472 3425 inanis
486 3357 597 3445 gloriae
613 3371 728 3444 arguat
743 3359 921 3438 veritatem,
937 3359 1046 3425 dicens

423 3492 520 3545 Vincet
531 3511 603 3547 amor
614 3495 713 3565 patriae,
721 3493 879 3563 laudumque
890 3495 1018 3548 immensa
1028 3496 1129 3567 cupido.

322 3610 396 3688 Sed,
411 3634 451 3674 ne
463 3611 536 3696 quis
547 3613 662 3677 amodo
675 3616 812 3679 Brutum
824 3616 979 3692 imitetur,
991 3616 1147 3702 populum
1163 3618 1268 3683 liberis

315 3712 498 3799 praeferens,
508 3713 628 3777 frustra
639 3714 867 3796 sollicitaberis,
879 3739 981 3801 quum
997 3716 1045 3781 vel
1063 3718 1140 3781 vitia
1154 3718 1268 3782 libero·

315 3838 386 3879 rum
415 3814 511 3879 saluti
532 3814 717 3901 reipublicae
742 3816 965 3901 praeferantur,
987 3816 1061 3880 licet
1082 3830 1203 3882 certum
1227 3820 1267 3884 sit

314 3917 401 4002 quod
415 3917 548 3983 salutem
559 3916 672 4003 populi
682 3916 788 3981 liberis
796 3916 943 3981 omnibus
952 3930 1097 4003 oporteat
1107 3920 1266 3985 anteferri.

314 4019 354 4081 In
370 4019 454 4083 libro
469 4019 598 4104 Regum
614 4019 759 4103 arguitur
775 4021 862 4099 Saul,
873 4019 959 4104 quod
975 4042 1075 4106 quum
1092 4020 1179 4086 facto
1192 4035 1267 4087 voto

312 4119 352 4184 de
362 4120 477 4185 diurno
487 4122 623 4208 jejunio,
637 4123 697 4186 sub
706 4122 884 4188 discrimine
896 4122 980 4187 illius
989 4123 1045 4208 qui
1057 4136 1131 4189 ante
1141 4138 1265 4190 noctem

312 4234 421 4286 eontra
444 4237 555 4289 votum
583 4238 720 4291 sumeret
749 4225 868 4307 cibum,
893 4226 1050 4292 Jonathas
1078 4226 1164 4291 filius
1194 4228 1264 4313 ejus

311 4323 384 4400 mel,
395 4324 481 4411 quod
494 4345 628 4413 sceptro,
640 4327 674 4392 id
689 4341 745 4409 est,
756 4328 849 4393 hasta
859 4329 1019 4413 tetigerat,
1030 4339 1265 4415 praegustasset,

310 4437 443 4508 paterno
455 4438 559 4490 motus
570 4427 696 4506 affectu,
709 4442 818 4494 eontra
829 4429 990 4515 religionis
1003 4441 1111 4494 votum
1123 4430 1264 4515 pepercit
