3575 5575
500 793 562 849 246
757 803 892 848 Joauurs
909 801 1184 846 sunasnnmmvsrs
1312 785 1455 858 [mn1v.

504 968 540 1019 ut
557 956 730 1041 putabatur
754 953 894 1032 consilio,
909 967 941 1017 et
960 951 1148 1016 auctoritate
1165 950 1325 1038 judicum,
1343 949 1383 1014 ad
1399 950 1454 1013 de-

502 1058 627 1121 lendam
648 1068 765 1119 sectam
787 1055 962 1130 hominum,
982 1053 1128 1138 opinione
1149 1051 1279 1136 publica
1301 1053 1454 1138 supersti-

503 1161 625 1239 tiosam,
640 1171 673 1222 et
689 1181 772 1224 vcrae
786 1156 948 1242 religionis
963 1154 1131 1231 inimicam,
1147 1155 1347 1220 invitaretur.
1385 1155 1452 1217 Nec

501 1274 607 1326 tamen
623 1281 852 1345 usquequaque
867 1255 1053 1322 commendo
1063 1255 1222 1342 justitiam
1238 1255 1384 1334 hominis,
1396 1255 1453 1341 qui

501 1362 665 1426 Christum
688 1360 867 1445 ignorabat,
883 1358 937 1424 sed
959 1358 1086 1442 culpam
1108 1359 1208 1442 ipsius
1228 1369 1378 1434 extenuo,
1393 1357 1449 1442 qui

499 1463 633 1527 aliorum
649 1461 822 1525 excedebat
836 1460 988 1545 impulsu,
1000 1471 1031 1522 et
1047 1459 1086 1522 ad
1103 1458 1290 1523 beneficium
1305 1461 1452 1522 miseren-

499 1552 642 1650 dumque
664 1563 802 1649 propriae
829 1562 956 1648 pietatis
977 1561 1132 1644 agebatur
1154 1561 1316 1640 instinctu,
1339 1572 1452 1624 natura

497 1669 634 1731 clemens
652 1669 684 1730 in
703 1688 822 1746 omnes,
836 1676 981 1728 austerus
995 1662 1027 1726 in
1043 1684 1173 1748 paucos,
1188 1662 1307 1748 quibus
1321 1684 1449 1748 parcere

497 1768 587 1832 nefas
601 1781 698 1842 esset;
720 1766 800 1830 adeo
814 1780 863 1844 ut,
879 1766 977 1832 totius
992 1765 1115 1851 imperii
1130 1763 1177 1830 sui
1193 1764 1359 1844 curriculo,
1368 1787 1451 1830 uuus

497 1867 667 1931 damnatus
686 1868 727 1931 sit
746 1877 927 1931 senatorum
949 1865 1143 1930 nobiliumve
1158 1866 1259 1942 urbis,
1274 1865 1348 1930 licet
1362 1865 1451 1930 inve·

495 1969 625 2032 uiantur
650 1966 780 2053 plurimi
802 1967 833 2030 in
858 1968 965 2052 ipsum
992 1967 1133 2052 graviter
1158 1964 1337 2051 deliquisse.
1384 1969 1447 2031 Hic

495 2083 600 2134 autem
627 2092 647 2132 a
677 2084 789 2133 senatu
818 2068 988 2133 damnatus
1017 2080 1075 2149 est,
1104 2067 1269 2152 ignorante
1298 2069 1446 2154 Trajauo.

495 2171 632 2235 Dicebat
646 2171 729 2234 enim
744 2169 890 2234 insanum
911 2193 977 2234 esse
997 2193 1082 2250 eum,
1097 2170 1153 2258 qui
1168 2170 1275 2234 oculos
1290 2170 1316 2234 si
1330 2170 1445 2234 habeat

492 2271 673 2358 lippientes,
692 2294 744 2335 eos
765 2271 856 2336 malit
875 2270 1025 2352 effodere,
1044 2293 1141 2356 quam
1161 2294 1282 2335 curare.
1327 2273 1442 2336 Aiebat

492 2374 597 2452 etiam,
612 2396 737 2458 ungues
751 2373 777 2436 si
792 2373 927 2436 acriores
942 2372 1073 2449 fuerint,
1085 2371 1269 2438 resecandos
1284 2395 1361 2450 esse,
1379 2396 1441 2438 non

492 2475 681 2539 avellendos.
714 2476 746 2539 Si
759 2475 840 2538 enim
853 2475 1058 2552 citharoedus,
1069 2474 1186 2559 aliique
1198 2474 1351 2552 fidicines,
1363 2475 1445 2538 mul-

493 2589 526 2641 ta
544 2577 710 2662 diligentia
729 2591 915 2663 procurant,
935 2572 1291 2664 quomodo'oberrantis
1314 2577 1442 2642 chordae

491 2689 690 2763 compescant
702 2678 824 2754 vitium,
837 2691 869 2742 et
881 2678 1012 2742 eandem
1025 2677 1094 2741 aliis
1105 2677 1286 2741 unanimem
1296 2676 1442 2758 reddant,

490 2779 671 2867 faciantque
700 2780 915 2846 dulcissimam
945 2779 1167 2845 dissidentium
1194 2781 1441 2861 consonantiam,

489 2881 616 2945 chordis
640 2903 702 2944 non
729 2883 842 2967 ruptis,
866 2881 922 2945 sed
953 2881 1049 2945 tensis
1078 2881 1366 2966 proportionaliter,
1389 2881 1440 2946 vel

489 2981 642 3046 remissis:
668 2995 789 3068 quanta
803 2982 1016 3047 sollicitudine
1036 2995 1163 3067 oportet
1183 2982 1357 3069 prinoipem
1372 3006 1438 3047 mo-

488 3083 604 3161 derari‚
619 3107 704 3149 nunc
722 3084 826 3169 rigore
843 3084 990 3171 justitiae,
1005 3106 1089 3147 nunc
1110 3084 1291 3148 remissione
1306 3084 1439 3147 clemen-

487 3188 555 3267 tiae,
568 3201 605 3251 ut
621 3187 766 3251 subditos
785 3186 880 3251 iaciat
903 3187 996 3273 quasi
1019 3186 1181 3251 unanimes
1202 3208 1268 3250 esse
1284 3185 1316 3249 in
1332 3185 1438 3263 domo,

487 3297 518 3350 et
535 3288 626 3371 quasi
648 3288 898 3353 discordantium
914 3287 946 3351 in
962 3286 1134 3352 ministerio
1150 3286 1236 3372 pacis
1250 3298 1282 3349 et
1298 3286 1438 3350 caritatis

486 3386 648 3471 operibus,
672 3411 764 3452 uuam
790 3388 885 3453 faciat
908 3388 1091 3474 perfectam,
1114 3401 1146 3453 et
1164 3388 1340 3455 maximam
1366 3388 1437 3451 har-

486 3488 650 3552 moniam?
686 3492 760 3553 Hoc
789 3502 896 3553 autem
927 3503 1048 3555 certum
1074 3501 1133 3566 est,
1159 3490 1236 3575 quia
1262 3490 1365 3555 tutius
1389 3503 1436 3555 est

485 3590 621 3656 chordas
645 3589 763 3655 remitti
791 3591 957 3667 intensius,
985 3614 1081 3678 quam
1111 3593 1269 3679 protendi.
1315 3593 1436 3659 Remis-

485 3716 590 3757 sarum
606 3715 742 3779 namque
757 3693 903 3770 intensio,
919 3694 1050 3759 artificis
1064 3695 1180 3781 peritia
1192 3694 1390 3769 convalescit,
1403 3706 1434 3758 et

484 3794 623 3861 debitam
647 3796 714 3862 soni
737 3795 842 3861 reddit
863 3796 1020 3882 gratiam;
1050 3797 1105 3863 sed
1127 3821 1202 3884 quae
1223 3796 1316 3861 semel
1338 3808 1436 3882 rupta

483 3908 542 3974 est,
559 3898 648 3961 nullo
668 3898 801 3962 artificio
824 3909 1000 3983 reparatur.
1048 3900 1197 3965 Profecto
1217 3899 1242 3961 si
1263 3920 1358 3961 sonus
1379 3920 1433 3960 ex·
1484 3918 1489 3924 ·

482 3996 592 4080 igitur,
616 4022 707 4082 quem
730 4023 792 4063 non
813 4000 943 4075 habent,
960 3999 1077 4064 frustra
1098 4000 1284 4071 tenduntur,
1301 4010 1332 4061 et
1349 4019 1432 4083 saepe

481 4098 577 4162 citius
599 4100 724 4164 venitur
746 4102 786 4166 ad
810 4101 944 4178 nullum,
968 4123 1064 4186 quam
1088 4102 1129 4165 ad
1152 4123 1236 4175 eum,
1259 4099 1315 4185 qui
1338 4101 1433 4164 nimis

481 4199 630 4286 exigitur.
676 4201 734 4266 Ait
751 4203 907 4270 Ethicus:

583 4350 635 4403 Est
645 4352 718 4422 piger
730 4351 763 4403 ad
774 4369 866 4422 poenas
877 4355 1004 4425 princeps,
1016 4354 1049 4405 ad
1060 4354 1166 4425 praemia
1178 4351 1263 4417 velox,

619 4438 724 4506 Quique
737 4437 816 4500 dolet,
829 4440 946 4505 quotiens
959 4441 1058 4507 cogitur
1071 4456 1129 4492 essa
1140 4437 1220 4492 ferox.
