3575 5575
329 829 402 876 cae.
417 811 480 892 xn]
700 827 957 875 eonrcusrrcus.
1217 817 1280 876 307

327 978 451 1045 rationi.
500 978 548 1046 Ut
563 981 708 1047 enimait
724 981 909 1066 Sapientia:
939 985 1022 1055 Quae
1038 982 1281 1046 communicatio

324 1078 433 1146 sancto
448 1081 568 1146 homini
583 1083 625 1147 ad
640 1105 761 1162 canem,
776 1094 834 1146 aut
850 1081 914 1146 luci
930 1081 970 1147 ad
986 1083 1152 1148 tenebras?
1177 1085 1279 1147 Omne

321 1183 436 1247 animal
458 1185 566 1270 diligit
589 1185 649 1249 sibi
671 1183 784 1262 simile,
801 1201 835 1248 et
854 1182 957 1246 omnis
981 1184 1076 1247 homo
1095 1184 1277 1269 proximum

323 1307 430 1351 suum.
478 1286 589 1351 Omnis
608 1311 683 1351 caro
704 1287 745 1350 ad
766 1282 899 1350 similem
923 1285 983 1349 sibi
1007 1287 1223 1372 conjungitur,
1246 1299 1278 1350 et

321 1387 425 1452 omnis
450 1389 546 1451 homo
572 1389 744 1453 sociabitur
768 1387 861 1450 simili
889 1387 961 1450 sibi.
1013 1387 1048 1452 Si
1075 1387 1171 1472 lupus
1196 1411 1279 1474 agno

326 1486 501 1572 aliquando
516 1487 775 1566 communicavit,
789 1489 834 1550 sic
848 1499 996 1571 peccator
1006 1487 1107 1570 justo.

324 1681 403 1766 Cap.
424 1687 472 1746 tl.
500 1683 552 1746 De
574 1685 687 1761 oculis,
710 1683 859 1758 auribus,
881 1691 913 1746 et
935 1683 1052 1764 lingua
1072 1690 1279 1765 potestatum,

367 1791 400 1847 et
429 1785 469 1847 de
495 1787 595 1872 officio
621 1787 781 1868 presidia,
811 1795 843 1849 et
873 1787 958 1867 quod
986 1787 1130 1866 judicem
1159 1794 1280 1868 oportet

367 1887 481 1950 tabere
491 1890 586 1967 paria
606 1895 637 1951 et
658 1889 742 1968 requi
757 1890 920 1962 trotiticm,
936 1891 1128 1952 uoluntatem
1145 1889 1228 1967 boni,
1250 1895 1282 1952 et

364 1995 552 2070 potestatem
566 1989 755 2071 exequendi,
769 1999 802 2052 et
816 1989 902 2072 quod
910 1991 1100 2075 juramenta
1114 1991 1201 2054 debet
1216 2011 1282 2054 eece

368 2092 525 2172 alligatus
536 2092 670 2173 legibue,
685 2101 716 2154 et
732 2113 754 2154 a
768 2093 913 2156 audibat
927 2113 1097 2156 munerum
1112 2093 1250 2155 alienus.

370 2217 546 2286 SEQUITUR
566 2214 746 2293 oculorum,
768 2215 905 2296 aurium,
927 2227 958 2280 et
985 2215 1116 2300 linguae,
1140 2216 1279 2295 collatio,

325 2339 423 2403 quam
437 2318 471 2380 in
486 2317 679 2403 praesidibus
696 2317 931 2402 provinciarum
948 2318 1117 2380 consistere
1134 2319 1280 2401 superius

326 2417 520 2483 dictumest.
566 2421 692 2482 Praeses
705 2418 808 2502 igitur
822 2428 870 2482 est
887 2419 943 2504 qui
964 2421 996 2482 in
1014 2419 1090 2504 jure
1106 2417 1280 2496 reddendo,

325 2519 571 2604 provincialibus
594 2519 756 2605 praesidet.
801 2519 867 2584 Hic
887 2532 995 2585 autem
1012 2520 1097 2606 aequi
1120 2532 1152 2585 et
1175 2521 1281 2606 iniqui

326 2619 422 2684 debet
452 2619 570 2683 habere
598 2619 759 2695 notitiam,
789 2633 821 2683 et
849 2620 1047 2696 facultatem,
1077 2633 1109 2684 et
1139 2623 1280 2684 animum

326 2721 407 2806 ejus,
422 2719 509 2805 quod
521 2721 646 2806 justum
663 2730 723 2797 est,
738 2719 930 2806 exequendi.
967 2720 1049 2782 Nam
1066 2720 1147 2783 sicut
1159 2721 1282 2785 medico

326 2835 460 2888 eventus
479 2822 683 2888 mortalitatis
702 2824 857 2907 imputari
876 2844 939 2886 non
961 2822 1067 2899 debet,
1088 2822 1134 2886 ita
1154 2823 1179 2886 si
1201 2822 1281 2909 quid

327 2924 418 2987 triste
440 2945 498 3008 per
519 2922 712 3009 imperitiam
734 2923 803 3008 ejus
823 2922 1005 3007 contigerit,
1027 2922 1057 2985 ei
1082 2922 1196 2986 merita
1220 2924 1281 2987 im·

327 3018 472 3111 putatur.
518 3025 613 3102 Quod
637 3028 665 3088 si
685 3025 786 3104 novit,
805 3038 838 3089 et
857 3046 920 3088 non
941 3024 1023 3102 vult,
1041 3046 1103 3087 non
1126 3048 1167 3088 ex
1189 3026 1281 3109 iguo-

328 3126 443 3206 rantia,
459 3126 514 3191 sed
529 3149 569 3191 ex
587 3126 711 3191 malitia
730 3125 967 3191 condemnatur.
1014 3127 1104 3190 Finis
1123 3126 1281 3212 siquidem

327 3230 496 3311 utriusque
509 3229 673 3294 damuatio
685 3242 747 3294 est:
770 3229 843 3293 licet
856 3228 958 3313 ignari
971 3228 1082 3293 mitius
1094 3229 1280 3313 puniantur,

327 3332 389 3398 nisi
404 3332 487 3396 forte
502 3331 712 3417 ignorantiam
725 3330 919 3416 negligentia
931 3330 1158 3415 procuraverit.
1196 3334 1227 3393 N
1229 3352 1281 3393 am

328 3435 356 3499 si
378 3435 559 3520 ignorantia
580 3432 769 3497 invincibilis
791 3446 849 3509 est,
865 3456 929 3497 non
952 3434 1043 3498 affert
1064 3446 1209 3509 mortem,
1226 3432 1280 3497 sed

327 3535 369 3598 ab
389 3533 507 3598 innatis
528 3534 666 3597 tenebris
686 3550 869 3598 excusatur.
918 3534 951 3597 Si
972 3557 1045 3596 vero
1063 3534 1133 3608 scit,
1156 3546 1189 3597 et
1209 3532 1280 3596 vult

328 3632 476 3720 aequitati
503 3632 632 3707 servire,
655 3655 713 3695 nec
737 3647 855 3717 potest,
880 3655 944 3695 non
971 3645 1035 3697 tam
1062 3633 1207 3717 praesidis
1233 3647 1280 3696 est

326 3735 434 3821 culpa,
461 3755 557 3819 quam
586 3732 748 3820 principis.
795 3734 857 3798 Sed
883 3734 924 3797 ad
955 3734 1137 3819 religionem
1163 3732 1281 3821 judicis

327 3836 397 3900 haec
418 3835 529 3899 eadem
552 3836 720 3921 pertinere,
735 3835 946 3898 certissimum
968 3847 1024 3915 est,
1049 3858 1148 3919 quum
1175 3835 1279 3921 ipsum

322 3938 406 4024 juris
420 3950 567 4024 oporteat
583 3937 700 4001 habere
714 3936 873 4012 notitiam,
889 3936 1084 4002 voluntatem
1097 3937 1184 4017 boni,
1200 3938 1281 4001 vires

327 4040 519 4127 exequendi,
544 4052 576 4104 et
602 4051 798 4103 sacramento
824 4038 939 4102 debeat
964 4060 1030 4101 esse
1052 4036 1175 4124 legibus
1200 4026 1280 4103 obli·

327 4155 442 4227 gatus3
475 4156 510 4208 ut
537 4142 597 4207 sibi
618 4141 749 4207 omnino
773 4140 922 4205 illicitum
948 4139 1081 4220 noverit,
1103 4140 1144 4204 ab
1168 4162 1277 4205 earum

329 4244 507 4308 sinceritate
522 4244 688 4309 divertere.
720 4244 803 4307 Nam
817 4243 857 4307 de
868 4241 1024 4328 sapientia
1037 4242 1116 4327 ejus,
1128 4240 1281 4327 sapientia

332 4344 436 4411 docet.
492 4347 515 4408 J
519 4346 615 4425 udex,
642 4345 750 4431 inquit
780 4345 917 4430 sapiens,
942 4342 1101 4429 judicabit
1125 4342 1282 4429 populum

333 4469 438 4527 suum,
452 4459 483 4511 et
498 4446 697 4533 principatus
713 4446 830 4511 sensati
846 4443 968 4509 stabilis
983 4446 1052 4510 erit.
1099 4446 1279 4509 Secundum

799 4553 858 4611 Η
