3575 5575
504 792 545 849 62
755 802 893 848 Joxnnrs
908 800 1188 845 sannssnnranms
1323 782 1403 861 [ran.
1421 803 1459 845 11.

504 955 601 1019 fidem
616 967 649 1019 et
665 954 805 1018 fructum
822 961 951 1017 evacuo
990 949 1171 1014 Multifarie
1193 950 1361 1036 siquidem,
1376 952 1461 1016 mul·

503 1056 609 1142 tisque
623 1055 726 1120 modis
747 1075 839 1119 suam
856 1057 946 1118 Deus
965 1052 1097 1116 instruit
1117 1064 1306 1129 creaturam,
1320 1064 1353 1117 et
1374 1074 1459 1115 nnnc

503 1156 734 1221 elementorum
758 1156 901 1231 vocibus,
925 1176 1010 1219 nunc
1032 1152 1225 1218 sensibilium
1247 1166 1305 1218 aut
1327 1153 1458 1218 insensi-

481 1244 485 1251 ’
502 1258 616 1322 bilium
632 1280 736 1321 rerum
752 1256 888 1333 indiciis,
904 1268 1001 1341 prout
1023 1254 1132 1319 electis
1146 1256 1272 1319 noverit
1294 1254 1457 1340 expedire,

502 1383 577 1447 quoe
598 1372 731 1425 ventura
754 1371 830 1430 sunt¹
852 1356 1040 1422 manifestat.
1087 1358 1229 1421 Futuras
1250 1357 1361 1444 itaque
1380 1370 1458 1422 tem-

501 1475 650 1547 pestates,
671 1476 728 1527 aut
751 1461 943 1534 serenitates,
960 1461 1050 1544 signa
1071 1458 1218 1545 quaedam
1240 1459 1459 1525 antecedentia

500 1564 754 1649 praeloquuntur,
772 1574 807 1627 ut
829 1563 925 1626 homo
940 1561 997 1647 qui
1014 1561 1055 1624 ad
1076 1560 1216 1624 laborem
1233 1575 1328 1624 natus
1342 1574 1401 1638 est,
1416 1584 1455 1625 ex

500 1664 549 1728 his
574 1665 674 1751 possit
700 1687 758 1729 sua
782 1662 933 1729 exercitia
958 1675 1146 1747 temperare.
1185 1663 1274 1726 Hinc
1297 1662 1457 1747 agricolae,

499 1766 574 1831 hinc
584 1782 692 1833 nantae
704 1765 915 1830 familiaribus
926 1765 1117 1852 quibusdam
1131 1764 1366 1849 experimentis,
1377 1765 1456 1849 quid

501 1892 566 1954 quo
581 1881 723 1953 tempore
745 1867 811 1951 geri
825 1880 971 1952 oporteat
991 1866 1159 1948 colligunt,
1174 1866 1360 1953 qualitatem
1377 1878 1456 1930 tem-

501 1969 587 2053 poris
602 1969 703 2035 futuri
718 1993 760 2034 ex
780 1993 818 2032 eo
834 1968 922 2053 quod
945 1967 1097 2053 praeten'it
1116 1969 1291 2033 metientes.
1336 1973 1374 2033 ln
1391 1992 1457 2054 qua

501 2092 535 2133 re
563 2093 622 2134 nec
651 2092 735 2150 aves,
763 2070 803 2134 de
835 2070 956 2156 quibus
985 2092 1088 2133 sermo
1119 2071 1292 2156 praecessit,
1316 2070 1456 2155 parentis

501 2184 625 2238 naturae
645 2172 797 2237 beneficio
812 2172 949 2236 arbitror
971 2172 1152 2236 destitutas.
1191 2176 1334 2255 Mergus,
1350 2170 1455 2257 alcyo-

500 2272 1317 2359 nes,cygnus‚arcananaturaefrequenteraperiunt.
1346 2273 1454 2349 Quum

500 2374 616 2439 etenim
632 2376 715 2438 circa
731 2374 868 2439 medium
885 2374 1020 2459 hyemis,
1032 2374 1179 2459 alcyones
1192 2373 1364 2448 nidificare,
1380 2396 1455 2437 ova-

446 2512 449 2519 -
499 2498 564 2560 que
578 2476 685 2539 fovere
700 2475 911 2561 conspexeris,
926 2475 967 2539 de
989 2476 1099 2539 decem
1113 2487 1145 2539 et
1161 2474 1305 2560 quinque
1327 2476 1450 2539 dierum

498 2577 679 2661 gratissima
695 2578 863 2643 serenitate
878 2599 918 2640 ne
932 2577 1072 2657 dubites,
1087 2598 1207 2662 eosque
1229 2588 1336 2641 nautae
1352 2576 1452 2641 solent

498 2679 684 2765 diligentius
714 2679 893 2757 observare,
923 2678 1139 2763 dicunturque
1176 2677 1245 2741 dies
1273 2678 1452 2764 alcyonitae,

496 2784 616 2869 quibus
636 2784 689 2848 vix
710 2783 759 2848 vel
783 2780 888 2848 tenuis
909 2781 1007 2847 flatus
1029 2804 1109 2846 aura
1131 2782 1278 2846 sentitur.
1317 2785 1388 2846 Hos
1410 2782 1452 2846 ad

496 2886 744 2971 procreationem
771 2885 935 2970 pullorum
957 2906 1099 2962 suorum,
1121 2883 1181 2947 sibi
1207 2897 1357 2949 anatnra
1379 2907 1452 2947 con-

495 3007 608 3061 cessos,
621 2984 835 3047 verisimiliter
850 2983 1039 3069 opinaberis.
1064 2986 1172 3062 Quum
1185 3007 1260 3047 vero
1273 2984 1449 3050 fluvialium

497 3083 602 3149 avium
633 3107 765 3171 corpora
794 3085 826 3148 in
857 3085 950 3170 aquis
979 3085 1105 3150 avidius
1138 3087 1237 3170 mergi
1267 3087 1450 3172 conspicies,

496 3188 613 3253 imbres
634 3201 776 3273 expecta.
821 3192 932 3263 Quum
955 3188 1122 3253 clamorem
1147 3188 1291 3256 Cornicis
1313 3189 1452 3254 audieris

496 3294 702 3369 matutinum,
717 3291 858 3376 pluviam
874 3290 966 3374 petit.

601 3398 681 3451 Hand
692 3399 751 3450 ideo
762 3399 847 3463 credo,
859 3400 920 3468 quia
931 3401 966 3452 sit
976 3400 1088 3453 divinius
1099 3398 1152 3450 illis

600 3485 749 3552 Ingenium,
761 3489 807 3537 aut
818 3501 903 3538 rerum
914 3483 969 3538 sato
979 3485 1117 3557 prudentia
1125 3484 1217 3554 major,

496 3579 550 3642 sed
565 3578 642 3665 quia
657 3591 815 3643 morantes
826 3578 858 3642 in
874 3601 945 3643 aere
960 3592 1067 3645 motus
1077 3579 1165 3644 illius
1180 3577 1275 3642 citius
1288 3579 1322 3644 in
1338 3579 1449 3667 seipsis

493 3682 643 3760 sentiunt,
655 3695 686 3746 et
702 3681 776 3745 inde
788 3679 978 3768 bilaritatem
989 3681 1186 3768 concipiunt,
1197 3694 1254 3746 aut
1268 3702 1445 3747 moerorem.

495 3785 563 3848 Nec
577 3783 705 3858 mirum,
724 3806 823 3869 quum
839 3796 869 3848 et
891 3785 1037 3869 graviora
1053 3785 1237 3849 animalium
1252 3806 1385 3868 corpora
1406 3782 1447 3844 ad

493 3885 684 3950 exteriorum
721 3897 827 3950 motus
861 3885 1119 3972 frequentissime
1154 3886 1379 3971 disponantur,
1414 3897 1445 3947 et

493 4009 609 4050 arcano
640 3986 778 4072 quodam
810 3998 935 4052 naturae
964 3986 1108 4061 consilio,
1138 3998 1250 4072 gerant
1284 3983 1447 4048 elementis

493 4087 701 4152 necessarium
724 4110 853 4153 morem.
893 4074 978 4162 Quae
998 4088 1080 4151 enirn
1103 4086 1286 4150 animalium
1307 4085 1446 4171 corpori-

492 4189 554 4253 bus
575 4189 659 4253 bona
674 4189 724 4252 vel
738 4190 821 4254 mala
843 4190 1041 4268 immineant,
1054 4189 1079 4253 si
1102 4213 1134 4253 se
1155 4187 1373 4274 temporaliter
1395 4188 1444 4252 vel

490 4290 747 4376 extemporaliter
769 4291 968 4356 reddiderint
992 4302 1145 4377 tempora,
1167 4314 1217 4355 ars
1238 4290 1443 4376 physicorum

490 4392 610 4479 regulis
620 4392 685 4458 suis
698 4395 774 4459 satis
786 4389 994 4480 probabiliter
1006 4395 1254 4480 comprehendit.
1283 4396 1442 4460 Futurum
