3575 5575
363 799 433 845 cnr.
449 786 555 864 xxva]
712 801 966 848 ronrcnsrrcns.
1251 788 1311 848 133

258 983 264 998 ·
355 950 492 1016 sufficio.
538 950 623 1025 Quis
647 953 728 1016 enim
759 954 839 1016 adeo
868 953 993 1038 sapiens
1016 965 1075 1030 est,
1102 965 1137 1017 ut
1164 952 1312 1016 omnibns

362 1053 1312 1140 cujusvisimperiti‚nedumtuis,quaestionibussatisfaciat?

365 1152 483 1217 Totius
508 1153 646 1241 denique
669 1155 783 1219 veteris
811 1156 1018 1242 philosophiae
1040 1155 1186 1240 princeps
1209 1154 1313 1230 Plato,

364 1252 463 1317 levem
478 1254 531 1334 (ut
540 1256 665 1340 fertur),
675 1257 762 1343 quod
777 1271 880 1320 tamen
897 1257 938 1319 de
951 1258 1093 1320 Homero
1107 1258 1214 1320 verius
1229 1255 1314 1318 diee-

362 1368 463 1432 retur,
487 1355 709 1442 nescioquam
736 1370 905 1420 nautarum
927 1357 1133 1440 quaestionem
1157 1354 1315 1441 explicare

363 1478 425 1519 non
442 1457 558 1542 potuit.
604 1457 699 1522 Unde
722 1480 820 1541 quum
837 1459 878 1520 ab
900 1457 1018 1521 eisdem
1036 1456 1265 1541 impudentius,
1281 1469 1313 1519 et

364 1558 557 1641 protractius
572 1557 781 1634 derideretur,
799 1570 834 1620 ut
849 1572 916 1621 erat
933 1561 980 1620 vir
1001 1557 1171 1621 verecundi
1187 1557 1316 1641 ingenii,

366 1658 456 1745 quasi
474 1659 612 1726 toxicato
624 1659 816 1726 confusionis
826 1658 935 1743 jaculo
947 1659 1108 1743 perfossus
1118 1658 1158 1721 ad
1171 1671 1316 1731 mortem,

367 1760 515 1845 spiritum
529 1761 735 1824 novissimum
752 1760 923 1824 exhalarit.
954 1761 1121 1823 Puduerat
1132 1762 1214 1824 enim
1231 1761 1319 1844 quod

368 1861 460 1946 quasi
488 1862 586 1926 totius
614 1851 795 1924 Academiae
820 1860 1024 1945 improperio,
1051 1862 1319 1946 exprobraverant

367 1963 543 2050 principem
578 1963 846 2047 Philosophorum
883 1962 1029 2038 Graeciae,
1059 1964 1153 2027 etiam
1189 1963 1320 2027 minima

367 2065 522 2150 ignorare.
570 2070 640 2130 Hoc
656 2078 762 2128 autem
783 2063 893 2128 asserit
911 2063 1084 2131 Flavianus
1102 2067 1134 2127 in
1154 2063 1248 2139 libro,
1264 2066 1318 2150 qui

368 2170 421 2231 De
444 2167 585 2250 vestigiis
609 2165 878 2251 Philosophorum
904 2165 1099 2244 inscribitur,
1125 2166 1319 2252 Xenophon-

355 2271 452 2334 -tinos
467 2269 600 2333 faciente
609 2268 740 2346 invidia,
752 2267 905 2332 adversus
917 2267 1058 2331 Platonis
1070 2267 1202 2352 gloriam
1215 2269 1319 2354 impu·

367 2372 480 2436 denter
506 2371 643 2434 finxisse.
682 2369 774 2434 Licet
801 2369 1030 2455 quamplurimi
1056 2392 1127 2433 enm
1152 2370 1194 2433 ob
1218 2391 1320 2433 sacra-

367 2486 510 2538 mentum
530 2471 654 2536 numeri
677 2486 815 2535 asserant
839 2470 925 2535 ultro
947 2471 1083 2534 animam
1101 2472 1243 2556 posuisse
1265 2471 1320 2535 illo

368 2579 473 2640 aetatis
488 2598 554 2638 suae
565 2597 647 2637 anno
662 2572 800 2658 explet0‚
813 2596 906 2658 quem
920 2575 1109 2636 novenarius
1123 2573 1154 2636 in
1168 2594 1200 2636 se
1215 2573 1319 2657 ipsum

370 2679 486 2741 ductus
501 2677 658 2753 effecerat,
673 2697 710 2738 eo
726 2674 812 2758 quod
829 2673 944 2737 exinde
962 2695 1024 2735 non
1040 2673 1161 2737 accedit
1176 2673 1321 2736 humani-

369 2777 428 2842 tati
444 2777 501 2839 nisi
518 2775 607 2839 labor
621 2786 653 2837 et
669 2773 769 2837 dolor.
816 2773 934 2837 Fateor
952 2771 1098 2857 equidem
1115 2795 1166 2835 me
1184 2771 1321 2858 paucula

370 2876 459 2953 scire,
475 2890 505 2941 et
522 2898 595 2939 cum
611 2874 721 2940 multis
735 2873 873 2959 plurima
888 2873 1042 2957 ignorare,
1054 2896 1112 2937 nec
1126 2887 1230 2939 tamen
1248 2875 1323 2940 vitre

371 3002 488 3044 munus
503 2979 592 3064 quasi
609 2980 642 3041 H
646 2998 770 3039 omerus
786 2974 908 3060 pudore
924 2974 1027 3038 victus
1041 2975 1166 3060 abjicio.
1198 2978 1230 3041 si
1245 3000 1322 3063 ergo

370 3078 590 3167 providentiae,
611 3091 642 3142 et
664 3077 756 3141 liberi
784 3075 908 3141 arbitrii
930 3076 1018 3140 litem
1045 3097 1234 3162 componere
1260 3102 1322 3144 non

371 3182 502 3260 sufficio,
518 3180 541 3245 si
557 3181 696 3244 fatorum
713 3190 744 3242 et
759 3177 922 3242 facilitatis
941 3191 1065 3243 naturae
1080 3184 1322 3265 repugnantiam

369 3304 494 3368 nequeo
517 3281 717 3368 concordare,
741 3278 887 3368 nunquid
912 3280 985 3344 ideo
1010 3280 1114 3343 minus
1139 3303 1249 3345 verum
1275 3295 1324 3348 est

279 3388 288 3399 ’
370 3386 430 3451 ista
456 3389 546 3449 esse?
581 3384 672 3449 Sicut
697 3382 729 3445 in
755 3383 830 3468 jure
855 3381 941 3446 civili
969 3404 1040 3445 reus
1069 3382 1325 3467 frequentissime

370 3483 574 3547 favorabilior
599 3493 657 3561 est,
683 3482 729 3543 ita
752 3479 901 3564 quaedam
927 3494 1000 3544 sunt
1023 3480 1325 3564 investigationibus

370 3582 608 3669 philosophicis,
638 3582 694 3644 ubi
723 3572 913 3665 plerumque
949 3581 1054 3667 potior
1089 3605 1162 3668 pars
1197 3583 1325 3646 videtur

372 3684 497 3749 actoris.
543 3687 616 3747 Hoc
638 3694 745 3745 autem
768 3706 807 3745 ex
825 3683 952 3746 defectu
975 3695 1084 3747 nostro
1098 3682 1236 3747 arbitror
1256 3707 1327 3746 eve-

371 3791 448 3853 nire.
495 3784 683 3847 Intellectus
706 3784 788 3845 enim
811 3785 894 3846 circa
917 3806 1022 3846 rerum
1046 3784 1150 3869 prima
1173 3784 1327 3869 principia

372 3888 489 3953 delicit.
537 3887 578 3949 In
598 3884 647 3948 his
667 3883 852 3947 scrutinium
876 3882 1096 3969 providentie,
1112 3885 1328 3969 investigatio-

370 4013 507 4077 nemque
537 3986 690 4064 materiae,
720 3998 751 4050 et
782 3985 857 4048 fidei
887 3996 1003 4048 nostrae
1032 3985 1151 4048 multos
1179 3988 1328 4053 articulos

372 4095 536 4177 aptissime
547 4110 658 4153 censeo
671 4086 842 4151 numerari.
874 4086 962 4149 Dum
975 4085 1008 4148 in
1023 4085 1222 4172 providentia
1233 4089 1327 4153 nnius

373 4194 525 4278 quaerelae
554 4190 728 4255 molestiam
760 4188 900 4276 perimis,
929 4188 1018 4252 velut
1052 4187 1165 4274 hydrae
1195 4192 1327 4275 praeciso

373 4294 488 4379 capite,
507 4294 648 4378 plurium
673 4303 873 4356 succrescunt
894 4290 1000 4376 capita
1023 4294 1246 4376 questionum.
1290 4294 1325 4357 Si

373 4396 407 4459 iu
426 4396 566 4460 materiae
590 4394 700 4457 silvam
722 4394 959 4478 progredimur,
974 4392 1060 4456 illico
1078 4393 1217 4478 patimur
1238 4398 1326 4479 quod
