3575 5575
309 821 381 865 car.
395 803 483 879 xxi]
628 772 632 783 ¹
656 812 911 863 ronrcaarrcus.
1203 802 1262 861 113

311 970 496 1056 simpliciter
511 966 649 1032 recidere
664 969 698 1032 in
712 974 840 1042 terram,
855 979 910 1031 ant
929 965 1006 1052 quia
1021 968 1107 1043 novi,
1122 966 1262 1031 recidere

309 1092 433 1135 neeesse
453 1081 511 1132 est.
564 1070 674 1132 Potest
695 1068 778 1131 enim
805 1065 945 1130 recidere
967 1080 998 1130 et
1024 1088 1086 1130 non
1113 1066 1261 1134 recidere.
1352 1132 1358 1147 ,
1397 1100 1402 1119 .-

312 1269 398 1332 Illud
415 1269 527 1355 utique
542 1267 629 1354 quod
642 1266 707 1331 scio
717 1266 881 1332 futurum:
907 1268 1028 1331 sienim
1040 1267 1184 1333 futurum
1199 1290 1262 1332 non

308 1385 367 1451 est,
378 1372 437 1436 etsi
452 1372 520 1435 sore
535 1385 678 1457 putetur,
688 1392 751 1434 non
767 1368 866 1434 scitur
880 1383 998 1447 tamen,
1010 1370 1159 1457 quoniam
1175 1370 1262 1435 illius

312 1474 398 1558 quod
414 1494 476 1538 non
492 1486 551 1552 est,
566 1494 628 1536 non
644 1472 785 1548 scientia,
800 1472 855 1535 aed
872 1472 982 1558 opinio
996 1486 1054 1537 est.
1100 1474 1262 1537 Coeterunt

310 1578 369 1639 etsi
385 1596 447 1637 non
462 1596 530 1639 esse
544 1574 657 1659 possit,
670 1572 751 1636 nibil
765 1572 900 1658 impedit
915 1596 981 1637 esse
998 1573 1172 1650 scientiam,
1188 1598 1262 1660 quae

312 1698 375 1739 non
390 1675 632 1739 necessariorum
657 1687 792 1753 tantum,
807 1673 863 1738 sed
885 1674 1105 1759 quorumlibet
1126 1675 1264 1741 existen-

249 1834 258 1847 ,
312 1776 392 1841 tium
408 1790 467 1852 est,
479 1776 539 1840 nisi
553 1775 636 1840 forte
646 1789 679 1840 et
695 1788 731 1841 tu
745 1796 818 1841 curn
836 1776 950 1841 Stoicis
961 1776 1265 1841 existentiacenseas

313 1876 494 1945 necessariis
518 1874 740 1962 comparanda.
786 1874 838 1938 Sic
862 1887 896 1939 et
921 1898 994 1962 quae
1018 1874 1071 1939 ille
1096 1874 1264 1961 praenovit,

313 1978 420 2041 omnia
434 1976 642 2064 proculdubio
654 1976 883 2062 implebuntur.
922 1976 1147 2061 contingentia
1159 1990 1264 2043 tamen

314 2078 419 2143 omnia
433 2092 466 2143 et
480 2101 542 2143 non
557 2077 683 2143 evenire
697 2076 849 2164 possibile
862 2090 920 2143 est.
965 2076 1060 2141 Adeo
1082 2076 1212 2162 quidem
1227 2090 1264 2144 ut

315 2182 355 2245 ad
369 2182 576 2247 eveniendum
592 2204 652 2261 res,
664 2203 745 2266 quas
760 2202 833 2244 cum
849 2203 887 2244 eo
901 2180 1030 2245 suturas
1040 2184 1265 2267 praenovimus,

315 2307 376 2355 non
393 2282 493 2370 magis
507 2282 618 2368 ipsius,
634 2304 730 2369 quam
754 2294 862 2346 noster
877 2282 965 2347 visus
988 2283 1176 2367 abstringat,
1191 2281 1265 2349 licet

315 2387 355 2450 ab
374 2386 460 2451 illius
482 2384 687 2472 dispositione
708 2383 902 2449 subsistendi
917 2385 1051 2449 formam
1074 2385 1180 2450 omnia
1201 2409 1266 2449 sor-

315 2489 446 2563 tientur,
457 2500 618 2574 qnatenus
631 2486 716 2550 bona
730 2497 817 2550 sunt.
855 2482 949 2551 Alias
962 2498 1067 2551 autern
1081 2508 1143 2549 non
1155 2486 1265 2552 formae

315 2590 470 2654 existendi
485 2588 654 2674 imaginem
668 2601 795 2671 gerunt,
812 2587 866 2651 sed
882 2586 1043 2653 defectum
1067 2588 1162 2668 illius,
1176 2612 1266 2653 cuor-

315 2690 434 2756 mitatia
462 2713 529 2755 suae
559 2691 638 2754 vitio
670 2702 898 2775 protestantur.
957 2690 1162 2755 Praescientia
1190 2712 1266 2774 ergo

315 2793 412 2856 rebus
425 2815 522 2858 causa
544 2792 708 2856 eveniendi
724 2814 785 2856 non
805 2804 864 2872 est,
878 2805 935 2856 aut
951 2805 1084 2856 eventus
1107 2813 1212 2856 rerum
1237 2793 1266 2856 ei

251 2907 257 2914 ’
316 2916 412 2965 causa
438 2907 487 2958 cst
518 2892 714 2980 praesciendi,
744 2917 784 2957 ne
815 2907 872 2958 aut
906 2892 1128 2980 temporalium
1161 2907 1267 2958 motus

315 3007 444 3060 aeternae
465 2993 673 3080 providentiae
687 3016 783 3058 causa
797 2995 850 3070 sit,
866 3007 923 3059 aut
946 3017 965 3058 a
987 2994 1156 3081 purissimo
1177 2994 1266 3059 fonte

316 3096 468 3161 bonitatis
482 3099 637 3160 malorum
651 3093 811 3182 profluant
826 3096 933 3161 rivuli.
975 3099 1065 3161 Deus
1081 3119 1155 3162 vero
1171 3096 1269 3160 bono-

317 3221 388 3262 rum
417 3197 575 3264 duntaxat
605 3218 718 3262 atteror
747 3210 805 3262 est.
861 3197 956 3274 Quod
988 3220 1064 3263 vero
1092 3197 1125 3261 in
1154 3198 1267 3284 topicis

316 3299 413 3385 vulgo
437 3299 601 3386 objicitur,
625 3299 704 3384 quia
733 3297 919 3379 necessario,
944 3298 970 3362 si
996 3297 1075 3384 quid
1102 3299 1268 3385 praescitur

315 3401 450 3479 eveniet,
460 3401 550 3466 nullo
564 3399 710 3464 veritatis
724 3399 838 3463 robore
853 3398 1025 3464 subnixum
1040 3415 1099 3479 est,
1110 3399 1170 3463 nisi
1185 3400 1267 3466 forte

315 3503 413 3566 rebus
440 3503 480 3566 ab
509 3503 596 3566 omni
620 3501 807 3565 necessitate
832 3501 1000 3577 absolutis
1026 3501 1156 3564 modum
1182 3525 1267 3567 com-

315 3602 458 3689 plexioni
486 3604 560 3689 quis
587 3603 720 3679 tribuat,
743 3615 780 3667 ut
810 3603 919 3688 potius
947 3602 1132 3668 necessitate
1162 3626 1270 3668 conse·

316 3703 448 3791 quendi‚
471 3727 566 3791 quam
588 3705 811 3789 consequentis
840 3704 1013 3790 propositae
1043 3703 1269 3767 enuntiationis

317 3807 433 3872 veritas
447 3819 580 3872 constet.
625 3805 693 3869 Nec
707 3829 758 3870 me
776 3805 924 3880 arctabis,
948 3818 983 3870 ut
1008 3804 1079 3868 licet
1101 3804 1270 3888 disposita·

317 3929 388 3972 rum
404 3930 523 3986 rerum,
535 3908 719 3974 mutabilem
735 3907 837 3974 fatear
851 3929 918 3970 esse
933 3914 1090 3981 naturam,
1106 3905 1268 3972 scientiam

318 4011 513 4097 disponentis
522 4012 564 4076 ob
574 4011 634 4075 boc
643 4011 745 4076 dicam
755 4032 823 4074 esse
832 4008 1034 4088 mutabilem3
1051 4029 1150 4096 quum
1160 4031 1271 4077 secun.

318 4111 394 4176 dum
408 4111 510 4198 ipsius
524 4112 666 4178 veritatis
680 4135 831 4177 arcanum
853 4112 888 4190 (J
889 4111 1046 4176 ohannem
1061 4112 1164 4178 filium
1187 4119 1269 4182 toni-

319 4214 384 4278 trui
397 4214 523 4301 loquor)
538 4215 614 4279 fidei
631 4227 764 4294 constet,
780 4213 856 4299 quia
870 4227 1119 4301 quantacunque
1135 4217 1176 4281 sit
1191 4219 1271 4282 labi·

317 4315 391 4380 litas
406 4317 648 4402 subjectorum
678 4315 765 4401 quod
782 4316 905 4380 factum
929 4331 976 4382 est
995 4318 1027 4380 in
1051 4340 1089 4380 eo
1105 4318 1170 4383 vita
1190 4332 1270 4396 erat,

316 4439 486 4503 perquem
501 4417 586 4483 facta
601 4430 678 4485 suut
690 4416 845 4484 universa
884 4419 969 4503 Ejus
982 4418 1092 4502 itaque
1107 4417 1272 4504 dispositio

364 4539 437 4584 vot.
454 4538 506 4584 111.
792 4538 805 4581 1
