3575 5575
326 795 397 841 cae.
412 782 504 855 xus]
677 795 931 842 eosxcnsrrous
1241 777 1282 835 58

327 956 416 1029 petes
431 968 528 1031 supra
543 950 667 1013 culmen
683 946 798 1010 domus
812 947 913 1031 patris
928 944 998 1030 ejus
1013 943 1174 1022 sederunt,
1188 964 1280 1006 omen

326 1044 462 1131 duplicis
476 1046 613 1133 imperii,
628 1050 770 1134 Europae
786 1047 940 1133 Asiaeque
954 1046 1169 1132 praeferentes.
1199 1043 1280 1109 Vul-

327 1165 415 1211 tures
444 1147 663 1213 difficultatem
697 1162 839 1235 portant,
869 1148 1032 1227 duritiam,
1060 1148 1277 1233 rapacitatem,

327 1252 408 1313 sicut
424 1249 522 1313 babes
537 1251 568 1314 in
584 1252 706 1335 origine
726 1252 813 1315 urbis
834 1249 1017 1313 condendae.
1063 1247 1200 1313 Phoenix
1217 1247 1280 1310 sin-

324 1349 445 1431 gularis
459 1350 619 1414 felicitatis
635 1362 797 1415 successus
812 1349 992 1435 pollicetur,
1009 1347 1103 1434 quale
1118 1360 1177 1425 est,
1189 1346 1277 1433 quod

254 1526 261 1539 ‚
323 1470 405 1513 nova
418 1450 532 1525 Roma,
546 1450 612 1513 viso
624 1451 781 1536 phoenice,
794 1449 980 1513 melioribus
990 1449 1138 1534 auspiciis
1148 1449 1278 1513 condita

323 1561 381 1612 est.
431 1550 514 1613 Avis
538 1551 626 1633 picta
651 1550 726 1613 urbi
755 1550 960 1613 Pictavorum
986 1545 1122 1610 contulit
1151 1568 1277 1629 nomen,

324 1647 485 1713 levitatem
507 1650 623 1734 gentis,
639 1650 743 1713 colore
759 1664 790 1713 et
806 1672 882 1711 voce
905 1650 1126 1733 praefigurans.
1172 1650 1277 1714 Ardea

323 1773 429 1814 rerum
456 1750 629 1833 arduarum
656 1750 833 1837 auspicium
858 1763 917 1814 est.
971 1749 1101 1815 Ciconis
1124 1750 1274 1835 quoniam

323 1851 391 1914 avis
413 1851 590 1914 concordiae
612 1862 671 1928 est,
692 1849 891 1915 concordiam
915 1848 1046 1929 invenit,
1068 1863 1125 1913 aut
1147 1872 1276 1914 concor·

322 1950 406 2013 diam
423 1950 509 2014 facit.
555 1954 642 2015 Grus
657 1973 780 2036 semper
796 1950 899 2026 affert,
916 1948 1001 2035 quod
1018 1947 1165 2034 expedit3
1190 1950 1275 2013 uude

322 2065 354 2116 et
373 2076 488 2137 gruere
503 2054 637 2117 verbum
658 2056 838 2137 antiquum,
855 2075 874 2116 a
894 2075 960 2137 quo
982 2073 1168 2135 congruere,
1184 2052 1273 2136 quod

320 2154 461 2238 prolicit,
487 2167 518 2218 et
535 2154 681 2240 ingruere
697 2167 818 2231 contra,
832 2154 919 2239 quod
933 2151 1039 2217 officit.
1069 2152 1166 2215 Unde
1181 2152 1275 2233 illud,

694 2272 744 2323 Bis
755 2271 852 2324 vitibus
863 2271 960 2338 ingruit
972 2269 1063 2321 imber.

321 2376 389 2439 Nec
410 2389 513 2441 tamen
530 2376 666 2440 minores
681 2374 877 2461 contemptui
892 2376 1019 2452 babeas,
1035 2399 1133 2461 quum
1150 2388 1182 2442 et
1202 2380 1275 2462 pica
1349 2410 1355 2421 ·

318 2476 449 2560 loquax,
466 2478 547 2541 sicut
562 2476 603 2539 ad
620 2476 731 2553 multa,
745 2477 789 2540 sic
804 2476 845 2539 ad
861 2476 1092 2562 susceptionem
1108 2476 1271 2563 hospitum

320 2589 352 2641 te
370 2577 465 2641 faciat
486 2578 671 2642 cautiorem.
716 2576 750 2642 Si
773 2577 851 2657 avis,
870 2599 944 2661 qnae
959 2576 1057 2660 vulgo
1077 2576 1197 2641 dicitur
1211 2577 1272 2639 Al·

318 2677 474 2757 banellus‚
501 2677 728 2762 praetervolans
756 2676 850 2753 viam,
875 2700 893 2738 a
917 2675 1051 2739 sinistris
1078 2676 1201 2739 feratur
1230 2676 1272 2739 ad

320 2777 478 2859 dextram,
493 2779 533 2842 de
552 2778 683 2862 hospitii
705 2776 865 2841 hilaritate
880 2802 922 2842 ne
936 2776 1085 2842 dubites:
1109 2776 1135 2841 si
1150 2791 1272 2860 contra,

319 2878 513 2941 contrarium
528 2877 738 2963 exspectabis.
776 2880 862 2942 Avcs
876 2877 1059 2942 domesticae
1073 2878 1197 2943 artificii
1213 2880 1270 2945 hu·

314 2979 369 3064 jus
392 3000 454 3040 non
477 2993 551 3042 sunt
572 2991 729 3061 expertes,
744 3001 846 3064 quum
868 2978 945 3064 galli
961 2991 1072 3045 cantus
1087 3003 1185 3066 spem,
1200 2981 1272 3060 iter,

319 3085 370 3144 vel
393 3067 473 3166 opus
500 3080 677 3144 inchoantis
701 3093 895 3167 promoveat.
952 3081 1086 3146 Tiberio
1109 3085 1271 3147 nascituro

316 3185 511 3267 praesignans
528 3181 633 3258 Livia,
645 3203 743 3245 ovum
759 3181 885 3266 gallinae
901 3182 1098 3248 subductum
1113 3206 1150 3247 eo
1165 3207 1269 3270 usque

317 3306 402 3346 nuuc
432 3283 508 3360 suis,
537 3305 623 3347 nunc
652 3283 837 3348 ancillarum
874 3284 1022 3348 manibus
1050 3285 1140 3365 fovit,
1168 3285 1269 3350 donec

315 3382 420 3466 gallus
435 3383 599 3468 insigniter
614 3383 760 3450 cristatus
775 3389 924 3449 exclusus
938 3397 1002 3460 est3
1019 3385 1150 3450 undeet
1166 3409 1270 3471 augu-

317 3505 368 3546 res
392 3505 549 3566 puerum3
582 3487 638 3570 qui
668 3489 844 3551 nasciturus
873 3499 952 3562 erat,
978 3487 1130 3552 dixerunt
1155 3510 1267 3574 regna-

317 3597 438 3648 turum.
483 3584 638 3660 Babulus,
652 3587 781 3671 strygis,
795 3600 827 3651 et
843 3599 980 3669 noctuae,
990 3611 1113 3674 semper
1127 3587 1269 3653 infausta

317 3697 391 3748 suut
407 3655 696 3750 ominffib‘ctua
716 3700 821 3752 tamen
844 3712 881 3752 eo
904 3690 992 3773 quod
1011 3689 1115 3753 noctis
1130 3688 1269 3752 tenebris

316 3809 378 3850 non
405 3799 553 3867 caecatur,
575 3786 738 3870 diligentis
763 3789 900 3852 hominis
922 3789 1116 3872 vigilantiam
1141 3789 1265 3874 aignan

317 3888 399 3952 utin
416 3900 575 3974 portento,
591 3889 703 3973 quoin
720 3888 812 3953 basta
834 3891 995 3967 Hieronis,
1011 3912 1113 3976 quum
1130 3891 1267 3975 primum

314 3990 561 4074 progrederetur
583 3991 624 4054 ad
647 3991 780 4072 bellum,
800 4005 918 4056 noctua
939 3992 1058 4057 dicitur
1081 3993 1267 4076 consedisse,

316 4091 496 4174 significans
511 4115 584 4155 eum
599 4091 745 4157 futurum
765 4092 1052 4177 diligentissimum.
1098 4095 1266 4159 Bubonem

316 4189 414 4266 Dido,
434 4191 512 4254 dum
536 4192 721 4264 misceretur
740 4197 863 4270 AEneae‚
880 4194 976 4258 sensit
1000 4195 1185 4260 infaustum.
1232 4197 1266 4260 si

316 4290 466 4374 accipiter
489 4294 694 4378 quippiamve
715 4294 839 4376 generis
863 4295 969 4379 hjuus,
993 4296 1051 4359 snb
1073 4297 1173 4359 oculis
1195 4319 1266 4379 pro-

314 4390 492 4467 ficiscentis
519 4392 643 4456 solitam
671 4395 813 4477 rapinam
839 4409 994 4470 exerceat,
1021 4398 1029 4458 i
1056 4409 1101 4460 ter
1123 4395 1264 4460 eundum
