3575 5575
369 845 418 888 rr.
438 830 497 908 ru]
701 847 956 892 ronvcanrrcus.
1242 833 1305 890 229

351 995 435 1060 timae
466 995 654 1079 quantitatis
689 996 932 1062 diminutionem
962 999 994 1061 in
1027 995 1159 1080 singulis
1194 1018 1299 1059 rerum
1358 1029 1359 1034 1

347 1097 518 1179 generibus
534 1097 733 1181 significant,
743 1099 792 1162 vel
812 1121 985 1164 excessum.
1030 1097 1156 1163 Licebit
1171 1119 1210 1160 ne
1225 1119 1301 1181 ergo

347 1218 438 1260 canes
467 1198 694 1285 multiplicare,
724 1199 909 1263 volucresve
938 1221 1077 1286 rapaces,
1108 1209 1165 1261 aut
1195 1210 1301 1261 truces

347 1295 475 1374 bestias,
499 1313 555 1363 aut
579 1300 729 1385 quaelibet
752 1313 899 1387 portenta
920 1313 1053 1378 naturae,
1070 1299 1121 1363 cui
1144 1318 1297 1381 equorum

346 1402 402 1482 qui
418 1400 458 1462 ad
475 1401 621 1465 militiam
641 1402 806 1465 necessarii
831 1415 917 1481 sunt,
932 1415 963 1465 et
986 1423 1077 1464 usum
1100 1400 1197 1464 totius
1212 1400 1298 1474 vitae,

346 1523 385 1562 ex
401 1500 543 1584 legitima
559 1503 737 1587 quantitate
753 1503 930 1588 praefinitus
945 1515 992 1566 est
1008 1505 1183 1565 numerus?
1214 1505 1298 1565 Nam

346 1601 386 1664 de
415 1603 623 1668 histrionibus
652 1617 683 1667 et
715 1605 829 1684 mimis,
858 1604 975 1668 scurris
1009 1618 1041 1666 et
1071 1601 1302 1682 meretricibus,

347 1703 525 1780 lenonibus
556 1718 588 1770 et
618 1705 804 1790 hujusmodi
832 1705 990 1792 prodigiis
1019 1706 1194 1780 hominurn,
1225 1728 1299 1790 quae

348 1806 524 1891 principem
546 1811 655 1892 potius
676 1820 803 1893 oportet
825 1807 1046 1883 exterminare,
1061 1830 1158 1893 quam
1181 1808 1300 1886 fovere,

347 1930 409 1970 non
436 1909 540 1973 luerat
566 1911 598 1972 in
626 1911 696 1994 lege
721 1910 839 1973 mentio
865 1910 1028 1983 facienda;
1064 1933 1138 1995 quae
1167 1909 1297 1994 quidem

346 2032 454 2073 omnes
469 2011 718 2075 abominationes
732 2012 819 2086 istas,
837 2035 899 2075 non
916 2012 1011 2074 modo
1027 2034 1045 2074 a
1059 2011 1211 2096 principis
1227 2008 1298 2073 aula

343 2110 497 2192 excludit,
512 2112 567 2174 sed
582 2112 724 2177 eliminat
745 2136 764 2176 a
787 2113 907 2198 populo
933 2113 1005 2176 Dei.
1051 2115 1219 2198 Equorum
1242 2134 1298 2174 no-

347 2212 442 2288 mine,
467 2214 566 2277 totius
594 2213 722 2278 familia
753 2227 784 2277 et
814 2212 1114 2298 impedimentorum
1145 2214 1298 2290 omnium,

344 2315 536 2381 necessarius
559 2314 751 2399 intelligitur
774 2338 861 2378 usus.
908 2316 1011 2398 Cujus
1033 2314 1175 2400 legitima
1197 2335 1297 2399 quan·

346 2416 421 2480 titas
432 2429 491 2492 est,
503 2439 596 2502 quam
610 2419 693 2480 ratio
705 2417 912 2494 necessitatis,
921 2428 977 2480 aut
988 2415 1136 2480 utilitatis
1145 2417 1299 2500 exposcit.

314 2545 320 2554 ·
347 2519 400 2582 Ita
415 2533 519 2582 tamen
545 2531 581 2583 ut
602 2519 681 2582 utile
701 2532 733 2582 et
753 2519 920 2583 honestum
943 2531 1161 2602 coaequentur,
1177 2529 1208 2581 et
1224 2517 1299 2581 civi-

346 2620 419 2683 litas
445 2621 664 2684 conscribatur
690 2620 839 2686 honestis.
891 2619 1094 2703 Philosophis
1121 2623 1203 2682 enim
1231 2620 1299 2704 jam

345 2722 467 2808 pridem
483 2721 614 2808 placuit,
625 2721 880 2807 perniciosiorem
893 2721 1012 2784 nullam
1028 2743 1094 2783 esse
1109 2720 1300 2806 opinionem,

345 2824 474 2896 illorum
496 2822 643 2908 opinione
665 2822 722 2907 qui
746 2823 823 2887 utile
844 2835 993 2909 separant
1019 2823 1059 2886 ab
1082 2823 1233 2895 honest0;
1265 2835 1297 2887 et

346 2925 532 2990 sententiam
550 2925 744 2989 verissimam
764 2937 797 2989 et
818 2926 1016 2990 utilissimam
1037 2948 1113 3004 esse,
1129 2926 1297 2991 honestum

345 3040 377 3091 et
394 3027 473 3091 utile
488 3027 519 3088 in
536 3051 568 3090 se
585 3049 818 3113 usquequaque
830 3030 983 3093 converti.
1018 3028 1121 3108 Plato,
1138 3040 1174 3091 ut
1190 3029 1297 3093 ferunt

345 3118 662 3215 historiae'gentium,
685 3153 785 3216 quum
809 3130 938 3195 vidisset
963 3130 1153 3216 Dionysium
1181 3131 1296 3195 sicttiae

345 3244 527 3317 tyrannum,
556 3232 700 3319 corporis
726 3235 773 3297 sui
805 3247 929 3320 septum
955 3234 1161 3299 custodibus:
1200 3233 1296 3312 Quod

344 3334 734 3420 tantum,inquit‚malum
751 3336 866 3412 fecisti,
884 3347 918 3399 ut
935 3349 1033 3400 atam
1049 3336 1159 3399 multis
1174 3358 1298 3399 necesse

344 3437 461 3500 habeas
475 3438 652 3501 custodiri?
677 3442 751 3502 Hoc
763 3438 874 3523 utique
889 3438 1065 3525 principem
1081 3463 1143 3502 non
1159 3451 1297 3525 oportet,
1370 3508 1371 3517 χ

346 3537 403 3622 qui
419 3537 529 3600 officiis
543 3538 589 3600 ita
604 3538 663 3602 sibi
679 3540 818 3603 omnium
836 3540 934 3605 viucit
950 3541 1092 3615 affectus,
1110 3546 1296 3627 utquisque
1368 3529 1371 3553 ¹

346 3636 506 3711 subditus,
525 3658 583 3722 pro
598 3660 634 3699 eo
651 3639 800 3721 periculis
820 3641 1061 3704 imminentibus
1081 3653 1177 3723 caput
1197 3662 1296 3725 oppo-

346 3751 410 3801 nat.
442 3739 549 3814 Quum
563 3738 657 3800 etiam
671 3751 804 3822 urgente
816 3753 941 3814 natura,
952 3764 983 3802 se
994 3763 1053 3825 pro
1064 3740 1167 3823 capite
1178 3738 1297 3803 soleant

346 3840 488 3904 membra
503 3860 674 3925 exponere,
690 3850 722 3903 et
737 3838 850 3923 pellem
867 3862 925 3922 pro
939 3840 1032 3926 pelle,
1049 3852 1081 3903 et
1096 3853 1210 3903 cuncta
1225 3862 1299 3925 quae

345 3942 440 4005 homo
461 3942 569 4015 habet,
593 3954 690 4026 ponat
713 3962 772 4025 pro
794 3940 899 4002 anima
921 3964 987 4005 sua.
1034 3940 1204 4026 Sequitur:
1229 3945 1297 4007 Nec

345 4044 474 4109 reducet
504 4044 661 4130 populum
692 4044 724 4105 in
754 4045 947 4127 AEgyptum,
974 4042 1137 4129 equitatus
1166 4066 1298 4109 numero

346 4147 541 4211 sublevatus.
574 4148 695 4229 Magna
708 4145 864 4231 siquidem
877 4146 1042 4229 diligentia
1053 4148 1294 4232 praecavendum

343 4260 390 4311 est
406 4249 502 4321 omni,
514 4248 568 4334 qui
584 4250 617 4311 in
634 4248 829 4312 sublimitate
844 4248 1063 4327 constituitur,
1078 4272 1116 4311 ne
1132 4248 1294 4313 inferiores

344 4362 527 4432 corrumpat
542 4350 706 4435 exemplis,
722 4364 753 4414 et
769 4350 920 4415 abusione
936 4373 1053 4426 rerum,
1069 4362 1101 4414 et
1115 4374 1173 4436 per
1188 4374 1297 4438 super-

347 4451 409 4513 biae
425 4462 481 4515 aut
497 4449 632 4515 luxuriae
645 4452 728 4516 viam
745 4452 784 4515 ad
801 4453 995 4517 confusionis
1007 4456 1151 4518 tenebras
1166 4453 1296 4518 reducat
