3575 5575
499 769 562 827 278
768 784 905 829 Joaaars
920 785 1200 832 saansaanransrs
1320 773 1403 853 [mn.
1419 793 1449 842 v.

499 932 559 997 tibi
575 945 702 997 auctore
718 934 867 1012 Domino,
883 957 941 998 suo
956 938 1025 999 loco
1044 949 1077 1001 et
1093 950 1235 1022 tempore
1249 961 1351 1025 quum
1367 966 1449 1029 prae.

498 1035 630 1121 ceperis,
646 1033 835 1120 explanabo,
855 1035 1007 1122 adjiciens
1028 1036 1297 1118 indumentorum,
1318 1054 1351 1108 et
1370 1067 1449 1132 quo-

498 1136 634 1202 rundam
661 1148 926 1201 sacramentorum
954 1136 1206 1222 significationes.
1252 1140 1318 1204 Hic
1340 1157 1447 1209 autem

496 1242 590 1325 plane
605 1237 695 1302 nulla
709 1248 757 1301 est
778 1237 891 1324 populi
913 1238 1108 1312 acclamatio,
1124 1239 1213 1304 nulla
1227 1245 1448 1332 consanguiniss
1530 1280 1533 1286 ·

496 1339 571 1404 tatis
593 1338 686 1415 ratio,
706 1339 795 1402 nulla
816 1337 1067 1425 propinquitatis
1088 1340 1200 1406 habita
1221 1346 1447 1432 contemplatio

495 1453 555 1506 est.
599 1444 733 1505 Mortuo
755 1439 917 1525 Salphaat,
932 1439 1006 1503 filiae
1020 1451 1184 1525 paternam
1200 1443 1288 1528 apud
1310 1449 1445 1530 Moysen

495 1543 664 1608 vendicant
694 1542 914 1607 hereditatem.
967 1541 1157 1607 Petitionem
1186 1565 1294 1608 earum
1322 1548 1445 1632 justam

493 1669 571 1722 esse,
587 1648 679 1710 Deus
700 1645 768 1731 ipse
789 1657 935 1710 testatur.
979 1644 1172 1730 Propinquis
1193 1667 1332 1735 namque
1353 1673 1444 1738 agro·

493 1771 577 1824 rum,
592 1759 624 1812 et
644 1746 837 1833 prsediorum
860 1746 1031 1812 hoereditas
1053 1747 1264 1834 relinquenda
1284 1763 1343 1829 est,
1359 1764 1391 1818 et
1409 1768 1444 1822 ut

491 1850 667 1938 plurimum
693 1848 864 1914 actionum.
920 1849 1119 1915 Gubernatio
1145 1872 1221 1914 vero
1245 1854 1368 1939 populi,
1395 1856 1443 1924 illi

491 1951 646 2018 tradenda
659 1964 718 2028 est,
734 1973 829 2036 quem
846 1954 937 2016 Deus
951 1950 1093 2036 elegerit,
1106 1951 1225 2017 bomini
1241 1954 1358 2022 scilicet
1374 1959 1441 2034 tali,

490 2053 546 2138 qui
570 2052 665 2116 habet
689 2051 846 2138 Spiritum
871 2052 935 2117 Dei
958 2053 991 2118 in
1014 2076 1058 2129 se,
1082 2065 1114 2118 et
1137 2069 1297 2141 praecepta
1320 2057 1383 2123 Dei
1408 2064 1440 2126 in

488 2161 659 2236 conspectu
685 2149 755 2236 ejus
779 2161 865 2226 sunt,
889 2150 947 2234 qui
972 2153 1081 2238 Moysi
1104 2152 1197 2218 valde
1223 2168 1319 2222 notus
1341 2158 1381 2224 sit
1407 2175 1439 2228 ct

486 2251 661 2333 familiaris,
675 2251 708 2316 id
729 2264 787 2331 est,
801 2254 834 2317 in
855 2275 922 2338 quo
944 2253 985 2318 ait
1006 2254 1133 2319 claritas
1156 2254 1234 2342 legis
1248 2269 1280 2322 at
1299 2259 1439 2344 scientia,

487 2366 523 2420 ut
538 2354 659 2440 possint
674 2376 749 2418 eum
764 2354 876 2418 audire
890 2355 948 2419 filii
961 2356 1071 2421 Israel.
1106 2361 1176 2422 Nec
1191 2370 1296 2424 tamen
1312 2360 1434 2430 licitum

485 2469 533 2520 est
553 2458 660 2520 farore
681 2479 849 2532 novorum,
869 2457 1015 2522 recedere
1034 2480 1053 2522 a
1072 2459 1227 2543 sanguine
1245 2463 1436 2550 principum,

485 2558 604 2644 quibus
618 2558 787 2645 privilegio
800 2559 919 2624 divinas
938 2559 1164 2646 promissionis,
1180 2573 1212 2628 et
1222 2563 1297 2648 jure
1311 2568 1437 2650 generis

483 2661 621 2731 debetur
633 2660 787 2726 successio
798 2660 980 2742 liberorum,
993 2662 1019 2727 si
1032 2673 1136 2726 tamen
1151 2663 1200 2742 (ut
1211 2667 1435 2753 praescriptum

483 2768 546 2851 est)
562 2763 795 2831 ambulaverint
816 2764 850 2829 in
867 2764 1004 2853 justitiis
1019 2766 1161 2834 Domini.
1209 2769 1242 2833 Si
1258 2792 1334 2835 vero
1348 2794 1368 2836 a
1383 2772 1434 2837 via

481 2868 643 2955 paulisper
663 2867 862 2948 deflexerint,
884 2889 947 2932 non
971 2867 1077 2933 statim
1100 2892 1333 2959 usquequaque
1354 2874 1433 2960 deji-

481 2971 622 3050 ciuntur,
636 2970 692 3033 sed
713 2970 872 3055 patienter
892 2970 1112 3056 corripiuntur
1131 2970 1163 3035 in
1178 2972 1318 3059 justitia,
1333 2974 1433 3042 donec

479 3073 535 3137 liat
551 3071 756 3158 conspicuum
771 3095 825 3135 eos
846 3072 1024 3159 pertinaces
1044 3095 1112 3137 esse
1125 3074 1158 3138 in
1177 3076 1270 3143 mala
1318 3080 1432 3164 Neque

479 3174 562 3239 enim
584 3174 730 3239 Roboam
751 3176 859 3239 statim
880 3195 1030 3239 excussus
1053 3186 1101 3241 est
1116 3198 1135 3239 a
1150 3176 1228 3241 solio
1249 3178 1359 3262 patris,
1375 3182 1432 3246 sad

478 3300 518 3341 ex
540 3300 605 3361 quo
627 3277 784 3343 seniorum
810 3288 995 3362 contempto
1018 3277 1159 3355 consilio,
1181 3278 1308 3344 recessit
1334 3304 1353 3345 a
1378 3283 1431 3349 via

478 3378 664 3454 Salomonis,
690 3401 772 3442 onus
799 3378 1003 3464 importabile
1031 3379 1140 3444 volens
1169 3380 1330 3466 imponere
1354 3382 1429 3449 liliis

478 3480 587 3547 Israel.
610 3484 836 3547 Verumtamen
847 3478 977 3544 scissum
988 3493 1035 3545 est
1045 3504 1177 3567 regnum
1190 3483 1270 3568 ejus,
1280 3484 1429 3551 receden-

475 3586 563 3651 tibus
584 3582 691 3649 decam
712 3580 863 3646 tribubus
881 3593 954 3669 post
978 3584 1173 3648 Hieroboam
1195 3607 1322 3651 servum
1340 3588 1427 3652 Salo-

473 3688 586 3765 monis,
601 3688 797 3772 iueruntque
811 3707 909 3771 regna
930 3684 1041 3761 divisa,
1058 3686 1137 3751 dum
1157 3710 1293 3773 regnum
1311 3690 1425 3755 babuit

473 3791 563 3855 Juda
578 3789 629 3854 vel
646 3787 754 3854 Israel.
801 3788 906 3853 Sensit
926 3810 1003 3873 ergo
1017 3788 1058 3852 de
1072 3790 1272 3855 contumacia
1287 3813 1424 3875 poenam,

472 3893 513 3955 de
532 3892 636 3975 gratia
656 3890 719 3955 Dei
738 3903 771 3954 et
790 3889 957 3976 privilegio
979 3892 1144 3976 sanguinis
1165 3891 1423 3969 misericordiam,

470 4006 506 4059 ut
522 4015 579 4057 rex
599 3993 730 4077 quidem
752 4006 905 4070 maneret,
921 3992 975 4057 sed
996 4015 1112 4079 magna
1130 3992 1219 4078 regui
1241 4005 1331 4080 parte
1353 4016 1423 4061 rnu-

469 4094 591 4160 tilatus.
641 4093 739 4156 Unde
767 4094 828 4157 boc
856 4094 928 4157 illi?
966 4096 1050 4171 Quia
1075 4095 1250 4159 adheserat
1281 4094 1422 4161 consiliis

465 4201 635 4288 juvenum,
661 4206 864 4259 contemnens
888 4196 956 4260 vias
981 4208 1013 4261 et
1039 4210 1204 4284 praccepta
1226 4196 1418 4283 prudentiae.

468 4296 669 4388 Impossibile
691 4296 774 4361 enim
798 4309 858 4375 est,
881 4308 919 4363 ut
944 4298 1112 4364 salubriter
1134 4299 1282 4387 disponat
1303 4300 1420 4385 princi-

466 4416 590 4492 patum,
605 4398 661 4489 qui
677 4422 739 4464 non
754 4398 821 4485 agit
835 4399 967 4465 consilio
983 4401 1175 4486 sapientum.
1214 4404 1282 4480 Vae,
1298 4402 1417 4487 inquit,
