3575 5575
697 819 836 864 CAP.
868 800 1081 879 xxm]
1408 813 1921 860 PoLYcRAncus.
2475 802 2593 862 127

697 989 909 1032 rerum
932 989 1145 1046 cursu,
1167 978 1483 1044 versatur,
1503 965 1742 1029 frustra
1766 964 1884 1028 tibi
1907 962 1988 1026 de
2019 963 2298 1029 siderum
2321 964 2590 1029 familia-

699 1069 887 1134 ritate
906 1067 1228 1142 blandiris,
1244 1088 1437 1152 quum
1458 1089 1496 1130 a
1513 1065 1698 1129 solito
1716 1086 1926 1128 rerum
1947 1085 2136 1128 cursu
2164 1067 2365 1130 multa
2388 1066 2592 1130 diver-

697 1183 859 1247 tant,
884 1183 948 1235 et
968 1193 1044 1233 eo
1066 1169 1290 1255 majori
1315 1167 1729 1232 admiratione
1754 1167 1981 1230 feriant
2006 1186 2221 1231 sensus
2242 1167 2594 1248 hominum,

700 1294 831 1356 quo
861 1293 983 1334 non
1017 1270 1207 1334 modo
1249 1269 1515 1343 insueta,
1547 1258 1658 1331 sed
1689 1266 1809 1352 ipsi
1850 1280 2100 1332 naturae
2145 1267 2443 1334 videntur
2484 1266 2597 1331 ad-

697 1394 913 1436 versa:
982 1385 1076 1446 ut,
1108 1392 1308 1456 quum
1357 1369 1502 1433 solis
1545 1367 1833 1433 defectus
1870 1369 2217 1453 plenilunio
2260 1369 2595 1454 contingit,

697 1485 809 1537 aut
843 1473 892 1534 si
924 1473 1091 1535 circa
1121 1470 1460 1556 synodum,
1483 1481 1593 1533 aut
1625 1469 1791 1531 circa
1812 1468 2253 1553 plenilunium,
2281 1471 2376 1534 vel
2402 1470 2595 1547 ultra,

697 1572 956 1636 luminis
975 1571 1072 1634 sui
1094 1571 1246 1634 luna
1267 1572 1551 1654 patiatur
1573 1568 1874 1653 eclipsim.
1942 1569 2070 1642 Qui
2094 1570 2261 1634 enim
2283 1570 2597 1636 sideribus

695 1676 900 1758 legem
933 1672 1135 1748 dedit,
1182 1670 1294 1757 qui
1335 1669 1648 1733 curricula
1687 1682 2042 1753 temporum
2080 1669 2419 1735 voluntatis
2462 1696 2595 1738 suae

697 1776 879 1838 freno
906 1774 1298 1851 moderatur,
1330 1770 1439 1857 qui
1464 1793 1676 1834 rerum
1707 1782 2027 1834 momenta
2049 1771 2436 1856 temporibus
2468 1773 2597 1838 suis

697 1876 1152 1952 accommodat,
1184 1874 1445 1960 quando
1486 1873 1646 1947 vult,
1678 1884 1742 1935 et
1772 1895 1903 1956 quo
1932 1872 2126 1935 modo
2166 1873 2329 1951 vult,
2359 1897 2593 1939 novum

695 1992 994 2066 stupente
1024 1990 1274 2056 natura,
1304 1988 1415 2039 aut
1440 1996 1652 2038 rarum
1683 1985 1892 2059 potest
1924 1973 2271 2057 producere
2299 1975 2597 2040 effectum

692 2101 771 2144 ex
800 2079 1005 2144 causis
1034 2075 1575 2151 concurrentibus,
1607 2092 1755 2160 quae
1798 2073 1982 2136 aliter
2011 2097 2229 2158 parere
2257 2097 2596 2140 consueve-

696 2194 859 2247 rant.
909 2181 1069 2258 Quis
1091 2181 1257 2242 enim
1282 2176 1675 2240 consiliarius
1697 2176 1838 2260 ejus
1866 2175 2015 2247 fuit,
2042 2188 2154 2239 aut
2185 2175 2354 2241 dicet
2378 2177 2435 2240 ei
2461 2179 2598 2242 Cur

698 2285 790 2348 ita
823 2283 1018 2346 facis?
1078 2280 1322 2364 Utique
1360 2281 1674 2342 Dominus
1713 2288 1851 2341 est:
1911 2277 2081 2360 quod
2129 2277 2595 2363 beneplacitum

694 2398 790 2450 est
848 2386 914 2449 in
973 2381 1174 2447 oculis
1233 2380 1363 2444 suis
1413 2378 1621 2444 faciet.
1712 2378 2127 2463 Dispositioni
2174 2401 2328 2462 ergo
2376 2392 2597 2465 aptare

697 2499 1003 2572 tempora,
1034 2494 1097 2546 et
1130 2502 1339 2544 rerum
1365 2488 1684 2541 momenta
1712 2475 1955 2539 variare
1985 2476 2401 2562 temporibuS,
2426 2477 2597 2541 solus

697 2588 804 2654 ille
822 2587 932 2673 qui
953 2580 1290 2669 disposuit,
1312 2592 1552 2666 potest:
1601 2591 1665 2642 et
1689 2601 1889 2663 quum
1909 2579 2258 2644 multorum
2279 2578 2596 2657 notitiam,

698 2687 1046 2754 secundum
1080 2680 1454 2767 beneplaciti
1486 2683 1588 2744 sui
1619 2701 2001 2758 mensuram,
2027 2681 2400 2744 concesserit
2429 2702 2597 2744 crea-

703 2804 889 2867 turae,
910 2789 1030 2851 hoc
1049 2784 1168 2849 sibi
1194 2783 1443 2847 trinitas
1464 2779 1869 2865 singulariter
1891 2779 2255 2846 reservavit.
2324 2781 2598 2856 Quando

694 2893 938 2975 itaque,
969 2900 1033 2951 et
1065 2883 1373 2972 quamdiu
1415 2881 1573 2969 quid
1605 2882 1899 2946 futurum
1937 2882 2019 2946 sit
2050 2881 2251 2959 novit,
2291 2896 2354 2948 et
2386 2897 2599 2970 partes

700 3005 1057 3078 temporum
1081 2986 1192 3051 ille
1217 2986 1564 3071 dispensat,
1593 3005 1708 3069 per
1723 3005 1913 3067 quem
1942 2983 2083 3069 ipsa
2114 2995 2398 3069 tempora
2428 2985 2598 3050 facta

696 3103 866 3157 sunt.
946 3091 1101 3174 Ipsa
1118 3106 1376 3173 quoque
1400 3096 1688 3169 tempora
1704 3092 1882 3147 motu
1906 3095 1971 3148 et
1996 3084 2340 3149 variatione
2359 3106 2595 3165 rerum,

698 3194 881 3281 quasi
913 3190 1298 3278 quibusdam
1340 3185 1662 3251 coloribus
1694 3182 1925 3270 pingit,
1956 3197 2020 3249 et
2066 3185 2409 3251 volubilem
2438 3200 2598 3253 tem-

693 3295 867 3381 poris
896 3306 1124 3369 rotam,
1146 3289 1357 3377 jugali
1386 3288 1665 3375 quodam
1697 3308 1865 3351 nexu
1897 3308 2107 3349 rerum
2132 3309 2264 3372 quo
2286 3297 2595 3365 teneatur,

691 3394 1022 3478 illaqueat,
1062 3405 1128 3458 et
1173 3405 1246 3454 ut
1292 3410 1422 3453 rem
1469 3386 2165 3472 incomprehensibilem
2209 3385 2456 3473 ingerat
2500 3389 2596 3452 in-

694 3494 997 3574 tellectui,
1057 3492 1318 3557 eandem
1381 3488 1755 3553 mirabiliter
1806 3510 2019 3552 rerum
2073 3490 2596 3575 proprietatibuS‚

698 3595 883 3681 quasi
927 3597 1057 3658 suis
1085 3592 1405 3656 informat.
1498 3595 1646 3654 Non
1690 3599 1807 3668 est,
1836 3589 2047 3674 inquit
2098 3589 2359 3653 verbum
2404 3591 2600 3656 Altis-

696 3695 862 3773 simi,
885 3707 1191 3768 vestrum,
1214 3712 1394 3756 nosse
1419 3706 1729 3775 tempora,
1750 3704 1859 3755 aut
1894 3690 2079 3774 plene
2103 3690 2313 3754 sciatis
2340 3692 2598 3775 quando

693 3812 759 3863 et
777 3796 1087 3884 quamdiu
1104 3794 1253 3881 quid
1274 3793 1588 3857 facturum
1610 3790 1722 3863 sit;
1774 3790 1871 3853 vel
1894 3803 2232 3869 momenta,
2251 3803 2321 3855 ut
2346 3792 2601 3875 possitis

695 3899 939 3975 modos,
985 3909 1049 3961 et
1094 3895 1430 3960 varietates
1474 3913 1719 3967 eorum,
1767 3913 1910 3975 quae
1954 3889 2177 3954 futura
2221 3904 2389 3967 sunt,
2426 3913 2599 3956 com-

693 3999 1105 4086 prehendere.
1179 3998 1349 4060 Ecce
1379 4016 1578 4079 quare
1609 3991 2012 4057 temerarium
2046 3989 2148 4069 sit,
2178 3994 2397 4057 futura
2425 4006 2600 4058 certo
2632 4013 2637 4018 ·

695 4101 1042 4185 subjugare
1063 4096 1325 4185 judicio.
1418 4095 1500 4159 In
1530 4095 1730 4177 patris
1761 4089 2076 4176 siquidem
2109 4105 2421 4177 potestate
2451 4104 2600 4159 sunt

699 4202 926 4288 posita,
972 4224 1095 4265 non
1141 4200 1202 4264 in
1249 4195 1617 4261 necessitate
1660 4194 2009 4259 eveniendi.
2098 4197 2300 4259 Porro
2343 4220 2489 4281 quae
2531 4198 2594 4261 in

696 4313 1009 4387 potestate
1053 4300 1258 4386 posita
1304 4312 1476 4379 sunt,
1520 4295 1632 4374 sic,
1676 4309 1740 4361 et
1790 4317 1919 4359 non
1971 4296 2083 4371 sic,
2135 4317 2269 4359 esse
2310 4310 2594 4382 possunt.

704 4406 875 4467 Nam
904 4424 1051 4485 quae
1081 4401 1143 4463 in
1175 4398 1564 4476 necessitate,
1598 4401 1690 4462 sic
1718 4420 1852 4461 esse
1882 4418 2133 4461 necesse
2162 4409 2276 4459 est.
