3575 5575
513 781 554 841 66
759 794 898 839 Joauurs
911 792 1188 840 saansnnamusrs
1329 772 1412 873 [trs.
1430 794 1468 839 11.

517 968 573 1032 per
597 956 700 1011 totum
722 966 850 1010 annum.
897 945 958 1009 Sed
985 957 1016 1009 et
1039 955 1113 1009 ante
1135 944 1252 1009 excidii
1275 956 1403 1031 tempus
1428 967 1465 1009 ac

517 1044 605 1125 belli,
616 1068 716 1133 quum
729 1046 841 1132 populi
853 1048 894 1111 ad
907 1046 990 1110 diem
1000 1046 1118 1111 festum
1127 1045 1342 1124 convenirent,
1351 1058 1466 1111 octavo

518 1148 570 1212 die
585 1148 702 1213 mensis
725 1146 891 1224 Xanthioi,
906 1152 963 1233 qui
982 1160 1029 1213 est
1047 1148 1181 1234 Aprilis,
1196 1148 1298 1213 noctis
1312 1158 1468 1234 tempore,

518 1251 598 1315 hora
620 1273 703 1316 nona
727 1262 835 1316 tantus
858 1250 987 1315 luminis
1008 1249 1115 1334 fulgor
1136 1271 1224 1314 aram
1246 1250 1466 1336 templumque

519 1352 740 1428 circumdedit,
770 1365 807 1417 ut
833 1362 983 1437 putarent
1010 1373 1119 1415 omnes
1147 1350 1229 1415 diem
1259 1351 1468 1415 clarissimum

520 1454 653 1534 sactum,
673 1468 704 1520 et
734 1455 906 1541 permansit
930 1455 1032 1540 spatio
1060 1454 1146 1518 horre
1175 1455 1328 1519 dimidiae.
1372 1454 1468 1528 Quod

517 1556 673 1643 imperitis
702 1556 832 1643 quidem
862 1570 894 1621 et
919 1556 1039 1641 ignaris
1067 1578 1255 1642 prosperum
1278 1557 1465 1621 videbatur:

518 1657 572 1723 sed
589 1658 796 1745 legisperitos,
808 1669 839 1723 et
851 1659 969 1745 probos
984 1681 1131 1744 quosque
1140 1659 1286 1723 doctores
1300 1681 1362 1722 non
1372 1659 1469 1724 latuit

517 1760 645 1825 exitiale
674 1773 869 1845 portentum.
926 1762 967 1824 ln
996 1759 1108 1823 eadem
1137 1783 1268 1846 quoque
1294 1760 1469 1825 festivitate

518 1861 621 1925 vitula
636 1861 795 1925 sacrificiis
817 1862 957 1938 admota,
976 1874 1010 1925 et
1029 1862 1093 1925 aris
1111 1865 1270 1940 assistens,
1285 1863 1370 1927 iuter
1382 1863 1468 1949 ipsas

520 1962 735 2026 ministrorum
757 1985 870 2027 manus
889 1963 983 2027 enixa
1001 1980 1049 2028 est
1069 1984 1195 2048 agnam.
1241 1964 1305 2028 Sed
1318 1977 1350 2030 et
1367 1967 1469 2051 janua

521 2062 680 2128 interioris
704 2064 791 2144 aedis,
813 2086 887 2150 quae
911 2065 1099 2150 respiciebat
1119 2065 1159 2128 ad
1179 2066 1344 2142 orientem,
1367 2089 1469 2152 quum

522 2176 602 2229 esset
618 2186 680 2228 aere
696 2164 796 2228 solido
810 2164 936 2241 induta,
951 2187 987 2228 ac
1006 2164 1138 2251 perinde
1153 2165 1296 2230 immensi
1310 2166 1471 2252 ponderis,

522 2286 596 2348 quae
624 2262 677 2327 vix
703 2264 815 2349 viginti
841 2264 917 2327 viris
940 2286 1064 2328 summo
1090 2279 1207 2329 conatu
1233 2265 1470 2353 impellentibus

522 2365 735 2444 clauderetur,
751 2367 861 2431 ferreis
876 2390 1006 2453 quoque
1021 2368 1167 2431 vectibus
1187 2380 1220 2432 et
1242 2368 1319 2434 seris
1333 2368 1469 2445 munita,

523 2489 560 2530 ac
574 2469 707 2553 pessulis
726 2469 758 2533 in
780 2468 881 2533 altum
901 2468 1044 2533 demissis
1065 2481 1225 2535 teneretur
1242 2470 1406 2545 obstricta,
1421 2491 1470 2533 re-

523 2578 618 2653 pente
633 2568 711 2633 hora
725 2568 827 2634 noctis
844 2581 945 2645 sexta,
960 2570 1064 2655 prima
1077 2583 1110 2634 et
1126 2570 1272 2634 vicesima
1290 2570 1342 2633 die
1357 2570 1472 2633 mensis

522 2672 672 2756 apparuit
703 2684 815 2757 sponte
843 2671 1012 2756 patefacta.
1070 2672 1132 2735 Sed
1162 2684 1194 2736 et
1231 2684 1389 2737 transacto
1418 2672 1470 2736 die

523 2769 615 2852 festo,
629 2783 702 2857 post
717 2771 840 2858 aliquot
863 2770 943 2850 dies,
960 2772 1063 2857 prima
1077 2784 1109 2837 et
1124 2771 1276 2857 vigesima
1290 2772 1342 2838 die
1356 2772 1472 2838 mensis

524 2874 700 2954 Artemisii,
715 2875 772 2959 qui
793 2875 880 2960 apud
903 2897 961 2938 nos
985 2875 1094 2938 Maius
1114 2888 1256 2956 vocatur,
1271 2876 1472 2963 prodigiosus

525 2979 674 3059 apparuit
689 2976 786 3050 visus,
803 2989 834 3041 et
857 2977 951 3041 iidem
973 2998 1054 3062 pene
1075 2979 1240 3044 excedens.
1285 2979 1379 3056 Quod
1401 3000 1473 3042 vere

509 3069 640 3140 *falsum
665 3089 844 3161 putaretur,
860 3078 919 3141 nisi
941 3079 1107 3144 oculorum
1129 3080 1223 3144 fidem
1247 3081 1473 3152 confirmasset,

528 3176 681 3242 malorum
702 3192 899 3265 consequuta
918 3180 1081 3266 pernicies.
1127 3181 1256 3246 Etenim
1278 3204 1378 3268 prope
1395 3181 1476 3246 Solis

526 3301 682 3357 occasum,
694 3281 753 3343 visi
769 3296 842 3346 sunt
856 3304 969 3346 currus
979 3294 1010 3346 et
1021 3282 1188 3367 quadrigae
1202 3283 1235 3346 in
1249 3286 1337 3346 omni
1347 3286 1474 3366 regione

527 3400 584 3464 per
599 3402 714 3456 aerem,
737 3395 769 3446 et
791 3396 985 3447 armatorum
1008 3384 1153 3448 cohortes
1175 3384 1299 3448 misceri
1321 3383 1473 3464 nubibus,

527 3493 560 3544 et
583 3482 676 3546 urbes
699 3483 887 3548 circumdari
911 3484 1090 3568 agminibus
1113 3484 1301 3572 improvisis.
1348 3487 1389 3549 ln
1412 3485 1475 3549 alio

526 3585 602 3648 item
633 3583 684 3648 die
712 3585 804 3666 festu,
833 3586 888 3672 qui
925 3589 1128 3651 Pentecostes
1156 3587 1347 3672 appellatur,
1376 3600 1474 3652 noctu

527 3687 704 3751 sacerdotes
726 3688 859 3773 ingressi
880 3693 1047 3775 templum,
1068 3689 1109 3752 ad
1132 3689 1304 3753 ministeria
1325 3713 1365 3752 ex
1388 3711 1475 3751 more

527 3789 724 3876 complenda,
740 3790 843 3877 primo
858 3791 989 3877 quidem
1005 3806 1110 3856 motus
1124 3792 1293 3878 quosdam,
1310 3790 1477 3873 strepitus-

527 3915 591 3977 que
606 3906 780 3971 senserunt,
797 3906 865 3958 tum
889 3894 1004 3956 deinde
1019 3917 1112 3958 voces
1135 3893 1258 3957 subitas
1277 3889 1412 3953 audiunt
1430 3892 1497 3962 di..

528 4005 645 4068 centes,
668 3995 848 4079 Migremus
870 3996 955 4072 hinc,
980 3995 1153 4080 migremus
1177 4017 1216 4056 ex
1243 3992 1372 4055 sedibus
1398 3991 1476 4058 istis.
1576 3991 1589 4010 ⁰

530 4093 676 4159 Additur
691 4097 739 4160 bis
753 4099 848 4162 etiam
868 4097 954 4162 alind
977 4097 1168 4161 terribilius:
1194 4094 1322 4160 Etenim
1345 4094 1476 4180 quidam

529 4199 665 4262 Ananiae
681 4199 765 4264 filius
780 4203 876 4266 Jesus
891 4203 1028 4281 nomine,
1042 4199 1091 4262 vir
1110 4198 1252 4285 plebeius
1272 4209 1304 4262 et
1325 4199 1476 4276 rusticus,

527 4315 559 4366 ct
581 4313 653 4365 ante
668 4317 818 4386 quartum
834 4303 910 4367 belli
926 4325 1056 4382 anniam,
1068 4325 1169 4388 quum
1185 4302 1298 4367 civitas
1308 4301 1340 4365 in
1357 4325 1434 4388 pace
1445 4314 1477 4365 et

527 4403 724 4469 abundantia
743 4406 943 4491 perduraret,
959 4404 991 4468 in
1010 4405 1063 4469 die
1082 4406 1166 4471 sesto
1186 4405 1475 4479 tabernaculorum,
