3575 5575
339 793 409 841 car.
425 779 510 859 xm]
656 759 659 764 ’
685 798 940 847 rouvonarrcus.
1225 789 1289 848 209

339 945 477 1009 maxime
499 947 600 1013 elucet
624 950 794 1035 prudentia
817 963 884 1026 tua,
907 950 994 1037 quod
1016 950 1070 1014 isti
1091 952 1230 1018 nondum
1255 964 1287 1018 te

338 1047 467 1111 omnino
480 1050 625 1116 insanum
641 1052 859 1131 reddiderunt,
874 1053 932 1139 qui
950 1066 985 1117 ut
1001 1052 1059 1118 tibi
1078 1054 1288 1139 applaudant,

339 1166 400 1210 non
417 1150 512 1215 modo
530 1152 611 1227 Diis,
628 1153 683 1217 sed
706 1155 766 1218 tibi
790 1153 862 1241 ipsi,
875 1157 908 1219 el
928 1154 1049 1242 populo
1069 1154 1218 1242 injuriam
1240 1155 1287 1219 fa·

338 1248 438 1316 ciunt.
484 1257 624 1318 Deorum
641 1255 798 1340 siquidem
816 1256 967 1322 minuunt
989 1259 1208 1340 reverentiam,
1222 1281 1289 1344 quo

339 1351 505 1433 parificant
527 1353 596 1419 tibi.
640 1359 688 1420 Te
709 1369 846 1442 arguunt
868 1357 1068 1444 insipientiae,
1082 1356 1159 1422 dum
1182 1357 1289 1422 condi-

340 1449 435 1516 tionis
458 1467 524 1518 tuae
550 1469 748 1542 repugnante
769 1471 897 1534 natura,
920 1470 952 1522 te
974 1481 1081 1544 parem
1105 1459 1289 1524 numinibus

340 1573 409 1615 esse
446 1555 637 1639 persuadere
666 1569 873 1642 praesumunt.
934 1561 1021 1622 Nota
1058 1558 1291 1643 superstitionis

340 1651 475 1718 inurunt
487 1656 654 1741 populum,
667 1660 720 1722 cui
731 1656 879 1721 mortales
893 1660 980 1722 Deos
990 1680 1050 1742 pro
1060 1658 1292 1722 immortalibus

340 1755 533 1840 persuadent
548 1781 615 1821 esse
628 1758 784 1823 colendos.
824 1760 905 1822 Sane
920 1759 951 1822 in
965 1782 1002 1822 eo
1013 1759 1134 1844 aliquid
1146 1759 1290 1824 divinum

343 1856 402 1920 tibi
424 1857 524 1922 inesse
545 1858 746 1937 monstrabis,
771 1861 796 1924 si
816 1883 925 1924 omnes
946 1861 1033 1939 istos,
1051 1859 1108 1946 qui
1121 1858 1293 1925 'divinitati

343 1970 409 2022 tuae
420 1956 640 2024 fraudulenter
649 1960 862 2048 applaudunt,
871 1959 939 2044 rapi
949 1959 1060 2023 feceris
1071 1959 1112 2023 ad
1124 1972 1294 2024 tormenta.

344 2058 425 2133 Quis
439 2059 523 2123 enim
546 2062 688 2126 Deorum
704 2062 734 2126 ei
757 2073 877 2145 parcat,
892 2083 912 2123 a
926 2083 992 2146 quo
1007 2082 1039 2124 se
1061 2059 1230 2145 deceptum
1254 2060 1292 2124 iri

342 2160 515 2246 intelligit?
545 2161 627 2237 Quis
642 2185 703 2226 non
718 2163 821 2227 irruat
835 2161 868 2225 iu
886 2186 971 2242 eum,
987 2161 1044 2247 qui
1066 2185 1179 2227 aureos
1201 2162 1293 2226 Jovis

342 2261 454 2325 oculos
468 2262 563 2342 eruit,
578 2275 634 2327 aut
648 2276 781 2348 argento
802 2262 1001 2347 gemmisque
1015 2261 1149 2326 sublatis
1163 2266 1292 2328 Vestam

344 2360 459 2426 nititur
486 2367 669 2428 excaecare?
709 2363 789 2440 Quis
810 2363 851 2427 de
881 2364 998 2427 Martis
1020 2362 1124 2448 capite
1145 2360 1293 2425 adaman·

345 2463 448 2529 tinum
475 2464 581 2529 lumen
608 2465 741 2551 impune
769 2464 944 2530 temerariis
972 2462 1080 2528 effodit
1110 2463 1297 2549 unguibus?

345 2565 471 2650 Nempe
492 2567 580 2629 Deos
594 2564 779 2642 invisibiles,
794 2577 827 2629 et
849 2564 1042 2629 immortales
1057 2564 1295 2640 circumvenire,

344 2678 377 2730 et
392 2667 437 2728 eis
453 2664 587 2729 fallaciae
609 2687 721 2751 parare
735 2665 876 2744 iusidias,
890 2664 1046 2748 gravioris
1066 2663 1171 2750 culpae
1185 2676 1242 2740 est,
1259 2688 1297 2728 eo
1313 2662 1317 2671 ’

345 2765 435 2853 quod
450 2765 491 2829 ab
507 2765 556 2829 his
570 2764 742 2831 visibilium
759 2768 900 2831 Deorum
917 2764 1039 2829 fabrica
1054 2775 1250 2831 sustentatur
1265 2778 1297 2830 et

346 2868 480 2953 regitur,
494 2881 525 2933 et
542 2868 691 2931 honorem
709 2880 764 2932 aut
789 2879 1008 2953 contemptum
1033 2867 1090 2953 qui
1114 2866 1183 2931 istis
1204 2869 1296 2933 exhi·

345 2969 453 3046 betur,
475 2968 522 3034 illi
544 2981 758 3034 remunerant.
804 2969 836 3032 Si
858 2972 944 3054 sapis
967 2991 1054 3054 ergo,
1083 2970 1242 3053 Auguste,
1264 2970 1296 3035 in

346 3069 490 3135 Deorum
515 3071 621 3134 hostes
643 3069 798 3153 insurges,
820 3080 853 3133 et
877 3082 921 3146 te,
937 3071 964 3134 si
987 3092 1050 3133 non
1074 3073 1192 3144 Deum,
1208 3070 1297 3156 quod

346 3194 550 3260 nequaquam
566 3194 611 3247 es,
628 3171 678 3234 vel
701 3175 846 3236 Deorum
862 3183 895 3234 te
909 3170 1037 3235 docebis
1052 3193 1118 3235 esse
1132 3172 1298 3253 cultorem,

346 3275 372 3341 si
390 3276 574 3362 deceptores
595 3272 674 3339 istos
698 3272 967 3352 exterminaveris,
981 3287 1190 3339 excaecatores
1213 3288 1296 3351 tuos,

346 3380 487 3442 Deorum
497 3389 742 3463 contemptores,
752 3388 1003 3461 etutrorumque
1013 3375 1162 3461 injuriam
1172 3380 1296 3462 punias.

348 3478 431 3541 Haec
446 3478 605 3542 Gaecilius.
650 3478 762 3542 Fectio
777 3491 883 3542 tamen
899 3476 1100 3542 adulatorum
1116 3478 1297 3561 praevaluit,

348 3578 436 3664 quod
461 3589 493 3640 et
521 3578 724 3663 praesentium
751 3602 857 3643 rernm
885 3577 1024 3643 declarat
1050 3590 1161 3642 status.
1208 3579 1297 3645 Adeo

348 3680 489 3767 quidem,
513 3691 550 3743 ut
574 3678 600 3741 si
626 3682 699 3764 quis
723 3680 926 3765 popularium
954 3679 1117 3743 modestiae
1143 3681 1297 3756 conscius,

347 3780 567 3847 assentationis
592 3792 625 3844 et
651 3778 851 3843 scurrilitatis
874 3779 954 3843 vitio
978 3778 1148 3842 crediderit
1178 3791 1298 3866 tempe·

345 3886 492 3960 randum,
509 3884 617 3949 hostes
629 3881 769 3946 felicium
786 3893 953 3944 censeatur
971 3899 1029 3945 aut
1050 3879 1189 3946 invidus.
1233 3886 1297 3949 Eo-

345 4002 417 4056 rum
429 3986 586 4072 siquidem
598 4005 689 4049 aures
701 3994 818 4047 tenerae
832 3993 918 4057 suut,
932 3994 964 4046 et
975 3982 1041 4068 jam
1058 3981 1296 4051 obsurduerunt

348 4110 434 4166 vero,
445 4102 478 4153 et
493 4088 635 4173 linguam
651 4084 839 4150 severiorem
854 4083 920 4147 sine
934 4083 1105 4148 offensione
1115 4086 1299 4169 gravissima

348 4213 410 4254 uon
426 4188 613 4253 admittunt.
659 4190 696 4251 ln
717 4209 784 4272 quo
799 4196 954 4271 quantum
972 4209 991 4250 a
1006 4186 1125 4251 virtute
1139 4189 1296 4273 majorum

349 4305 428 4355 oetas
442 4303 548 4354 nostra
562 4290 809 4374 degeneraverit,
822 4288 1026 4375 perspicuum
1041 4300 1100 4365 est,
1112 4310 1213 4373 quum
1231 4290 1299 4352 sine

349 4389 502 4480 patientia
523 4400 579 4452 aut
604 4389 741 4466 nullum,
762 4401 817 4453 ant
840 4411 947 4453 rarum
970 4410 1037 4454 esse
1062 4409 1144 4473 opus
1167 4388 1295 4455 virtutis

393 4512 467 4558 vot.
487 4511 538 4556 111.
819 4509 840 4552 Ρ
