3575 5575
415 289 819 612 §pectant

492 771 553 832 tta
734 783 870 829 sonuum
885 783 1164 829 sauusuuumusrs
1302 763 1387 843 [tm.
1404 779 1441 826 11.

493 956 642 1008 errorem,
664 935 721 1021 qui
743 933 783 996 ad
806 933 1009 997 minuendam
1032 932 1212 996 daemonum
1238 942 1442 1016 potestatem,

495 1050 528 1100 et
543 1034 583 1098 ad
599 1033 851 1111 distrahendum,
867 1034 956 1120 quod
971 1033 1089 1098 babent
1103 1055 1177 1096 cum
1192 1032 1329 1106 bomine,
1351 1031 1445 1095 iami-

496 1134 642 1200 liaritatis
662 1135 885 1200 commercium
908 1133 1047 1199 instituti
1068 1145 1155 1208 suut,
1176 1146 1349 1219 carentque
1370 1154 1444 1217 pro-

495 1233 574 1318 prioe
591 1234 720 1298 virtutis
737 1232 862 1313 effectu,
877 1233 935 1296 nisi
958 1233 990 1296 in
1011 1230 1114 1317 digito
1133 1233 1195 1298 Dei
1214 1233 1443 1297 convalescant.

495 1337 595 1399 Porro
617 1335 749 1421 spiritus
770 1347 898 1399 sanctus
919 1334 1095 1419 disciplinae
1116 1334 1228 1416 effugit
1250 1334 1382 1407 lictum;
1408 1344 1442 1396 et

493 1457 609 1520 corpus
630 1437 769 1521 peccatis
791 1436 968 1509 subditum,
990 1436 1040 1498 sui
1061 1458 1129 1498 esse
1149 1434 1369 1499 babitaculum
1388 1432 1444 1496 de-

493 1533 653 1620 dignatur.
687 1534 849 1621 Quicquid
862 1559 938 1599 vero
951 1535 1136 1621 hujusmodi
1150 1546 1278 1620 agatur,
1292 1533 1443 1598 lictitium

492 1647 591 1699 estet
613 1635 859 1720 phantasticum,
880 1649 913 1700 et
934 1635 1078 1699 veritatis
1098 1635 1308 1699 substantiam
1331 1632 1442 1696 nescit.

493 1736 629 1800 Videtur
643 1735 772 1822 quidem
788 1736 908 1814 adesse,
921 1735 997 1800 dum
1014 1736 1162 1821 precibus
1176 1747 1207 1799 et
1227 1733 1443 1798 oblatiouibus

492 1836 670 1912 invocatur,
693 1850 724 1901 et
747 1837 862 1899 effectu
884 1835 1074 1921 petitionum
1101 1847 1321 1921 persequente,
1346 1834 1444 1898 sacri·

494 1936 601 2020 legum
616 1937 750 2000 errantis
765 1936 877 2000 animae
893 1936 1083 2001 desiderium
1100 1936 1305 2022 adimpletur.
1341 1936 1441 2000 Abest

493 2050 600 2100 autem
623 2049 687 2100 tam
711 2036 814 2122 longe,
833 2050 870 2100 ut
893 2038 1057 2101 subtracta
1078 2036 1181 2100 tutela
1202 2037 1265 2113 sui,
1284 2059 1339 2100 eos
1358 2059 1443 2122 quos

427 2133 432 2140 ’
492 2137 626 2222 perfidia
640 2149 730 2200 tanta
748 2137 902 2221 exagitat,
918 2138 1014 2200 variis
1033 2136 1303 2202 ludificationibus
1325 2137 1442 2202 daemo-

493 2259 580 2317 num,
597 2239 680 2302 trahi
696 2237 849 2302 sustineat
864 2238 906 2301 ad
925 2238 1112 2322 gehennam.
1159 2240 1198 2302 Se
1221 2239 1378 2325 siquidem
1399 2239 1441 2303 ad

493 2338 676 2423 hujusmodi
692 2337 814 2423 flagitia
826 2339 992 2422 prohibuit
1006 2339 1135 2403 invitari
1150 2339 1280 2425 publica
1292 2361 1368 2403 voce
1378 2341 1441 2404 Ec-

491 2439 604 2518 clesiae,
618 2440 771 2503 adversus
786 2462 881 2525 quam
898 2460 956 2502 nec
971 2452 1073 2525 portae
1083 2439 1194 2503 inferni
1211 2440 1442 2525 proevalebuut.

492 2542 598 2618 Quum
614 2564 691 2626 ergo
708 2541 846 2625 Spiritus
856 2541 953 2605 sancti
964 2541 1080 2624 gratia,
1090 2542 1263 2605 auctoritas
1275 2541 1438 2617 Ecclesiae,

490 2642 677 2728 improbatis
698 2641 899 2706 subtrahitur
920 2642 1114 2717 exorcismis,
1137 2643 1192 2728 qui
1218 2643 1264 2706 eis
1285 2665 1349 2706 uon
1373 2656 1439 2706 tam

490 2756 628 2809 utuntur
642 2765 739 2830 quam
755 2743 945 2818 abutuntur,
960 2743 1126 2808 offendunt
1149 2745 1180 2808 iu
1198 2744 1357 2830 spiritum,
1372 2767 1441 2831 quo

490 2844 667 2920 recedente,
689 2846 760 2931 ejus
782 2845 842 2909 sibi
866 2845 1014 2909 nituntur
1040 2845 1191 2911 virtutem
1217 2860 1249 2911 et
1271 2846 1441 2911 efficaciam

490 2946 635 3007 retinere.

492 3200 570 3280 Cap.
594 3201 645 3263 28.
685 3201 738 3264 De
762 3204 962 3281 speculariia,
983 3210 1015 3266 et
1040 3203 1127 3285 quod
1145 3205 1282 3283 malipni
1303 3206 1442 3285 spiritua

532 3302 694 3363 interdum
705 3303 832 3384 sutura
853 3311 1071 3383 praenoecnnt
1088 3311 1120 3366 et
1137 3305 1175 3365 de
1187 3304 1365 3366 subtilitate
1379 3325 1439 3365 na-

533 3410 628 3477 ture,
644 3412 675 3464 et
694 3405 790 3482 lonpa
808 3408 1005 3485 cooperientia
1029 3408 1188 3486 temporie,
1203 3414 1235 3468 et
1247 3407 1440 3469 revelatione

531 3506 731 3585 superiorum
739 3512 943 3585 potestatum,
955 3514 986 3570 et
996 3509 1174 3590 quodsoepe
1188 3509 1363 3589 deripiunt,
1378 3514 1440 3572 aut

532 3607 731 3688 decipientes,
754 3614 813 3669 aut
837 3609 970 3689 decepti,
993 3615 1024 3671 et
1045 3610 1129 3691 quod
1146 3612 1341 3692 specularios
1355 3611 1439 3671 naula

533 3707 717 3769 indubitato
732 3714 922 3788 sequnntur.

531 3840 689 3903 Fuusuna
719 3838 777 3902 sibi
805 3838 970 3924 specularii
995 3840 1214 3921 blandiuntur,
1240 3841 1327 3926 quod
1357 3840 1437 3904 nihil

488 3936 662 4015 immolant,
689 3940 769 4003 nulli
796 3954 922 4021 nocent,
949 3942 1066 4028 saepius
1088 3955 1221 4025 prosunt
1248 3943 1326 4004 dum
1350 3942 1439 4006 furta
1468 3964 1472 3971 ·

488 4035 652 4121 detegunt,
673 4040 833 4104 maleficiis
853 4056 991 4126 purgant
1014 4044 1136 4115 orbem,
1151 4055 1182 4105 et
1205 4041 1303 4103 solam
1327 4041 1436 4104 utilem

488 4150 545 4202 aut
559 4140 762 4202 necessariam
779 4156 936 4225 appetunt
953 4143 1131 4205 veritatem.
1177 4142 1248 4202 Non
1270 4139 1314 4202 sic
1336 4139 1436 4225 impii,

486 4260 548 4301 nou
566 4238 618 4301 sic.
664 4237 724 4314 Qui
742 4261 803 4301 non
819 4239 951 4325 colligit,
965 4241 1084 4325 iuquit,
1100 4262 1237 4316 mecum,
1257 4238 1435 4324 dispergit,
1464 4296 1469 4304 .

486 4352 517 4411 et
534 4339 666 4427 quinon
684 4354 731 4402 est
746 4360 881 4414 meeum,
896 4357 1006 4405 coutra
1021 4363 1071 4403 me
1085 4352 1143 4403 est.
1178 4343 1265 4408 Dum
1282 4340 1350 4409 hac
1367 4345 1436 4406 Do·
