3575 5575
485 803 549 861 too
745 813 880 859 roannrs
896 807 1174 856 sannsnnmnusrs
1305 787 1389 862 [tra.
1405 803 1436 846 n.

491 1077 569 1160 Cap.
585 1079 616 1137 9.
641 1077 693 1139 De
707 1077 757 1137 iris
768 1077 824 1155 qui
838 1076 875 1135 in
890 1072 1050 1153 republica
1061 1070 1203 1132 obtinent
1214 1072 1316 1131 locum
1329 1069 1441 1139 cordis,

531 1185 562 1240 et
576 1177 661 1258 quod
674 1177 781 1256 iniqui
801 1174 934 1236 arcendi
952 1177 1032 1234 cunt
1047 1193 1066 1232 α
1082 1169 1223 1232 conubia
1234 1176 1441 1251 potestatum,

531 1280 615 1342 etde
629 1280 740 1341 timore
753 1276 829 1351 Dei,
844 1281 876 1337 ct
889 1275 1063 1356 sapientia,
1078 1279 1109 1336 et
1124 1273 1338 1354 Philosophia.

535 1438 666 1500 Connrs
680 1434 797 1510 locum,
814 1443 943 1496 anctore
961 1429 1143 1510 Plutarcho,
1157 1429 1293 1494 Senatus
1307 1431 1440 1498 obtinet.

493 1539 630 1601 Senatus
650 1557 735 1612 vero,
755 1535 837 1599 sicut
859 1532 1031 1618 majoribus
1056 1531 1186 1616 placuit,
1207 1532 1300 1596 officii
1325 1555 1439 1598 nomen

489 1635 944 1721 est,ethabetaetatisnotam.
984 1634 1151 1720 Siquidem
1163 1649 1290 1700 senatus
1300 1635 1443 1702 dicituro

491 1752 664 1806 senectute.
712 1739 796 1803 Eum
813 1759 887 1802 vero
905 1737 1117 1801 Athenienses
1132 1738 1338 1822 Areopagum
1355 1740 1442 1804 dice-

493 1846 581 1922 bant,
597 1843 736 1930 eoquod
759 1841 792 1905 in
812 1840 874 1905 illis
894 1839 990 1904 totins
1010 1839 1118 1925 populi
1134 1839 1233 1904 virtus
1247 1841 1442 1920 consisteret,

492 1960 525 2011 et
541 1969 639 2033 quum
663 1946 704 2009 ab
730 1945 775 2009 eis
798 1943 950 2030 praeclara
972 1942 1109 2028 plurima
1131 1941 1260 2007 inventa
1274 1943 1348 2020 sint,
1364 1945 1443 2009 nihil

492 2049 658 2123 salubrius,
670 2047 748 2111 nihil
759 2046 924 2131 gloriosius
935 2045 1115 2110 institutum
1128 2056 1176 2110 est
1187 2068 1283 2133 qnam
1298 2050 1441 2114 Senatus.

495 2150 583 2225 Quid
605 2148 690 2212 enim
717 2147 854 2212 nobilius
875 2159 925 2211 est
948 2158 1032 2210 coetu
1055 2169 1180 2227 senum,
1201 2147 1256 2234 qui
1279 2149 1404 2213 emeriti
1425 2175 1445 2215 a

493 2251 675 2338 vulgaribus
703 2249 822 2327 officiis,
846 2250 888 2316 ad
913 2248 1035 2314 consilii
1059 2263 1091 2314 et
1115 2250 1277 2335 regiminis
1306 2251 1442 2318 officium

494 2366 670 2432 transeunt,
701 2365 734 2418 et
762 2354 795 2417 in
824 2352 967 2419 marcido
1002 2374 1132 2438 corpore
1165 2366 1300 2418 exerunt
1328 2356 1445 2421 mentis

494 2456 600 2523 vires?
626 2455 675 2521 Eo
690 2455 854 2542 sapientiae
870 2456 972 2540 magis
986 2455 1052 2541 apti
1068 2455 1213 2540 negotiis,
1229 2477 1293 2542 quo
1307 2457 1340 2520 in
1356 2481 1446 2522 exer·

492 2560 574 2624 citiis
589 2557 726 2644 corporis
748 2558 853 2622 minus
876 2571 1015 2644 possunt.
1063 2557 1183 2622 Eorum
1206 2560 1317 2646 utique
1340 2573 1445 2626 tantus

495 2665 595 2727 honor
609 2659 714 2726 extitit
728 2660 813 2746 apud
829 2661 971 2735 Graecos,
988 2673 1024 2724 ut
1041 2661 1138 2724 duces
1156 2660 1356 2746 Reipublicae
1371 2686 1444 2728 nus-

494 2785 590 2852 quam
622 2763 839 2850 procederent,
871 2761 951 2826 nihil
981 2762 1143 2847 egregium
1175 2776 1333 2849 ageretur,
1359 2767 1444 2855 quod

494 2893 585 2935 senes
611 2869 746 2934 instituti
771 2892 833 2933 non
860 2868 1058 2943 inducerent,
1085 2880 1141 2932 aut
1165 2872 1387 2956 approbarent,
1413 2886 1446 2937 et

494 2971 580 3059 qnod
595 2970 695 3055 magis
709 2982 758 3035 est
772 2972 813 3035 ab
824 2970 915 3034 initio
931 2970 1016 3035 urbis
1031 2970 1180 3051 conditoe,
1191 2974 1321 3037 nomina
1335 2997 1445 3039 corum

494 3074 598 3139 aureis
612 3072 711 3137 literis
732 3073 849 3158 scripta
870 3086 953 3139 sunt.
1001 3073 1129 3159 Ipsique
1152 3085 1258 3159 patres
1277 3078 1444 3163 conscripti

494 3176 657 3264 appellati,
672 3177 728 3263 qui
742 3175 820 3241 alios
835 3176 1000 3262 sapientia,
1014 3188 1121 3257 aetate,
1136 3187 1169 3241 et
1183 3177 1299 3242 affectu
1315 3191 1446 3264 patemo

495 3280 730 3365 praecedebant.
762 3280 866 3344 Penes
878 3279 953 3343 istos
965 3277 1166 3343 consiliorum
1183 3294 1252 3345 crat
1265 3284 1445 3360 auctoritas,

496 3392 529 3445 et
543 3380 686 3444 omnium
710 3381 836 3466 publice
856 3381 1079 3464 gerendorum.
1126 3383 1287 3447 Caeterum
1308 3383 1384 3449 licet
1404 3386 1445 3449 ab

496 3494 591 3547 aetate
611 3481 747 3545 nominis
762 3483 907 3547 videatur
929 3505 996 3547 esse
1017 3484 1114 3569 origo,
1132 3486 1213 3551 hanc
1233 3509 1293 3572 ego
1313 3488 1448 3553 arbitror

494 3601 560 3651 tam
577 3583 714 3671 corporis
725 3607 793 3650 esse
807 3607 904 3672 quam
919 3585 1046 3651 mentis.
1077 3586 1320 3677 AEtasnamque
1332 3590 1448 3654 mentis

496 3688 651 3776 sapientia
680 3696 737 3766 est,
768 3688 801 3752 in
830 3711 894 3776 qua
929 3688 1071 3753 omnium
1102 3689 1275 3757 officiorum
1305 3692 1449 3758 consistit

495 3792 686 3871 distributio,
710 3803 743 3858 et
768 3790 938 3857 artificium
964 3791 1061 3857 totius
1085 3792 1170 3859 vitae.
1218 3796 1279 3859 Ars
1308 3817 1445 3882 namque

496 3911 582 3959 recte
598 3895 724 3961 vivendi
741 3900 789 3978 (ut
807 3894 921 3960 Stoicis
935 3894 1050 3982 placet)
1067 3917 1117 3961 ars
1131 3896 1247 3961 artium
1262 3909 1320 3963 est.
1367 3897 1448 3963 Nul-

496 3995 561 4058 lam
584 4018 659 4059 vero
688 4019 756 4060 esse
785 4008 887 4061 artem
912 3998 1123 4064 maximarum
1148 4022 1265 4077 rerum,
1291 4023 1390 4087 quum
1414 4001 1446 4065 in

496 4095 636 4161 minimis
651 4119 779 4183 quoque
795 4111 895 4163 artem
917 4124 985 4165 esse
1005 4100 1111 4167 nullus
1128 4102 1263 4188 ignoret,
1278 4102 1385 4189 opinio
1400 4114 1449 4167 est

495 4201 660 4264 bominum
682 4220 794 4284 parum
815 4201 1010 4268 considerate
1030 4205 1242 4293 loquentium,
1259 4220 1291 4271 et
1311 4206 1343 4269 in
1360 4229 1448 4271 max·

495 4303 568 4367 imis
586 4303 682 4367 rebus
704 4300 889 4383 errantium,
905 4306 1012 4370 omnia
1034 4308 1135 4394 magis
1158 4331 1214 4394 pro
1237 4309 1328 4373 libito
1350 4321 1451 4374 statu·

494 4406 627 4489 entium,
649 4428 745 4493 quam
769 4428 827 4492 pro
846 4407 988 4474 veritate.
1038 4411 1093 4477 Est
1113 4424 1232 4493 autern,
1254 4425 1291 4475 ut
1312 4411 1450 4498 antiquis
