<?xml version="1.0" encoding="UTF-8"?>
<!DOCTYPE html PUBLIC "-//W3C//DTD XHTML 1.0 Transitional//EN"
    "http://www.w3.org/TR/xhtml1/DTD/xhtml1-transitional.dtd">
<html xmlns="http://www.w3.org/1999/xhtml" xml:lang="en" lang="en">
 <head>
  <title>
</title>
<meta http-equiv="Content-Type" content="text/html;charset=utf-8" />
  <meta name='ocr-system' content='tesseract 3.04.00' />
  <meta name='ocr-capabilities' content='ocr_page ocr_carea ocr_par ocr_line ocrx_word'/>
</head>
<body>
  <div class='ocr_page' id='page_1' title='image "./joannissaresber12johngoog_0064.png"; bbox 0 0 3575 5575; ppageno 0'>
   <div class='ocr_carea' id='block_1_1' title="bbox 275 212 769 585">
    <p class='ocr_par' dir='ltr' id='par_1_1' title="bbox 275 212 769 585">
     <span class='ocr_line' id='line_1_1' title="bbox 275 212 701 401; baseline -0.024 -15.833"><span class='ocrx_word' id='word_1_1' title='bbox 275 212 507 401; x_wconf 61' lang='lat' dir='ltr'><strong>{slata</strong></span> <span class='ocrx_word' id='word_1_2' title='bbox 518 252 701 375; x_wconf 55' lang='lat' dir='ltr'><strong>maa</strong></span> 
     </span>
     <span class='ocr_line' id='line_1_2' title="bbox 296 380 769 585; baseline 0.006 -73.042"><span class='ocrx_word' id='word_1_3' title='bbox 296 404 597 585; x_wconf 36' lang='lat' dir='ltr'><strong>&amp;amq</strong></span> <span class='ocrx_word' id='word_1_4' title='bbox 642 380 769 517; x_wconf 69' lang='lat' dir='ltr'><strong>aa</strong></span> 
     </span>
    </p>
   </div>
   <div class='ocr_carea' id='block_1_2' title="bbox 144 423 1282 806">
    <p class='ocr_par' dir='ltr' id='par_1_2' title="bbox 144 423 1282 806">
     <span class='ocr_line' id='line_1_3' title="bbox 144 423 1282 806; baseline 0.011 -133"><span class='ocrx_word' id='word_1_5' title='bbox 144 488 162 495; x_wconf 74' lang='grc'>”</span> <span class='ocrx_word' id='word_1_6' title='bbox 268 423 1282 806; x_wconf 49' lang='lat' dir='ltr'><strong>Quamnam</strong></span> 
     </span>
    </p>
   </div>
   <div class='ocr_carea' id='block_1_3' title="bbox 740 743 1462 823">
    <p class='ocr_par' dir='ltr' id='par_1_3' title="bbox 740 743 1462 823">
     <span class='ocr_line' id='line_1_4' title="bbox 740 743 1462 823; baseline -0.001 -17"><span class='ocrx_word' id='word_1_7' title='bbox 740 762 878 806; x_wconf 75' lang='lat' dir='ltr'><strong>sonuum</strong></span> <span class='ocrx_word' id='word_1_8' title='bbox 893 761 1175 807; x_wconf 76' lang='lat' dir='ltr'><strong>saussauaruusrs</strong></span> <span class='ocrx_word' id='word_1_9' title='bbox 1336 743 1422 823; x_wconf 84' lang='lat' dir='ltr'><strong>[ms.</strong></span> <span class='ocrx_word' id='word_1_10' title='bbox 1439 764 1462 807; x_wconf 90' lang='lat'><strong>1.</strong></span> 
     </span>
    </p>
   </div>
   <div class='ocr_carea' id='block_1_4' title="bbox 506 911 1467 1912">
    <p class='ocr_par' dir='ltr' id='par_1_4' title="bbox 506 911 1464 1193">
     <span class='ocr_line' id='line_1_5' title="bbox 506 911 1464 998; baseline 0.002 -23"><span class='ocrx_word' id='word_1_11' title='bbox 506 911 665 998; x_wconf 79' lang='lat' dir='ltr'><strong>rapacitas</strong></span> <span class='ocrx_word' id='word_1_12' title='bbox 689 911 875 975; x_wconf 89' lang='lat' dir='ltr'><strong>imminebit.</strong></span> <span class='ocrx_word' id='word_1_13' title='bbox 933 912 1027 987; x_wconf 89' lang='lat' dir='ltr'><strong>Quod</strong></span> <span class='ocrx_word' id='word_1_14' title='bbox 1057 925 1088 977; x_wconf 90' lang='lat' dir='ltr'><strong>et</strong></span> <span class='ocrx_word' id='word_1_15' title='bbox 1114 912 1336 998; x_wconf 86' lang='lat' dir='ltr'><strong>joculariter</strong></span> <span class='ocrx_word' id='word_1_16' title='bbox 1326 934 1464 978; x_wconf 78' lang='lat' dir='ltr'><strong>innuens</strong></span> 
     </span>
     <span class='ocr_line' id='line_1_6' title="bbox 510 1012 679 1091; baseline -0.012 -14"><span class='ocrx_word' id='word_1_17' title='bbox 510 1015 608 1088; x_wconf 89' lang='lat' dir='ltr'><strong>Naso,</strong></span> <span class='ocrx_word' id='word_1_18' title='bbox 623 1012 679 1091; x_wconf 88' lang='lat' dir='ltr'><strong>ait,</strong></span> 
     </span>
     <span class='ocr_line' id='line_1_7' title="bbox 616 1121 1282 1193; baseline -0.002 -20"><span class='ocrx_word' id='word_1_19' title='bbox 616 1121 725 1173; x_wconf 88' lang='lat' dir='ltr'><strong>Odimus</strong></span> <span class='ocrx_word' id='word_1_20' title='bbox 737 1122 885 1193; x_wconf 84' lang='lat' dir='ltr'><strong>accipitrem</strong></span> <span class='ocrx_word' id='word_1_21' title='bbox 896 1122 958 1189; x_wconf 88' lang='lat' dir='ltr'><strong>quis</strong></span> <span class='ocrx_word' id='word_1_22' title='bbox 968 1136 1069 1191; x_wconf 81' lang='lat' dir='ltr'><strong>semper</strong></span> <span class='ocrx_word' id='word_1_23' title='bbox 1079 1121 1145 1173; x_wconf 83' lang='lat' dir='ltr'><strong>vivit</strong></span> <span class='ocrx_word' id='word_1_24' title='bbox 1155 1122 1182 1172; x_wconf 92' lang='lat' dir='ltr'><strong>in</strong></span> <span class='ocrx_word' id='word_1_25' title='bbox 1196 1121 1282 1173; x_wconf 82' lang='lat' dir='ltr'><strong>armis.</strong></span> 
     </span>
    </p>

    <p class='ocr_par' dir='ltr' id='par_1_5' title="bbox 510 1214 1467 1912">
     <span class='ocr_line' id='line_1_8' title="bbox 513 1214 1465 1302; baseline -0.001 -21"><span class='ocrx_word' id='word_1_26' title='bbox 513 1217 661 1301; x_wconf 82' lang='lat' dir='ltr'>Regulus</span> <span class='ocrx_word' id='word_1_27' title='bbox 681 1239 812 1302; x_wconf 91' lang='lat' dir='ltr'><strong>quoque</strong></span> <span class='ocrx_word' id='word_1_28' title='bbox 834 1217 913 1302; x_wconf 90' lang='lat' dir='ltr'><strong>ipse,</strong></span> <span class='ocrx_word' id='word_1_29' title='bbox 937 1215 1044 1301; x_wconf 92' lang='lat' dir='ltr'><strong>quiet</strong></span> <span class='ocrx_word' id='word_1_30' title='bbox 1066 1214 1217 1279; x_wconf 74' lang='lat' dir='ltr'><strong>bitriscus</strong></span> <span class='ocrx_word' id='word_1_31' title='bbox 1238 1215 1368 1291; x_wconf 90' lang='lat' dir='ltr'><strong>dicitur,</strong></span> <span class='ocrx_word' id='word_1_32' title='bbox 1389 1239 1465 1280; x_wconf 85' lang='lat' dir='ltr'><strong>vera</strong></span> 
     </span>
     <span class='ocr_line' id='line_1_9' title="bbox 513 1302 1465 1406; baseline -0.002 -22"><span class='ocrx_word' id='word_1_33' title='bbox 513 1321 709 1406; x_wconf 87' lang='lat' dir='ltr'><strong>quandoque</strong></span> <span class='ocrx_word' id='word_1_34' title='bbox 745 1318 936 1405; x_wconf 87' lang='lat' dir='ltr'><strong>portendere</strong></span> <span class='ocrx_word' id='word_1_35' title='bbox 964 1339 1027 1380; x_wconf 93' lang='lat' dir='ltr'><strong>non</strong></span> <span class='ocrx_word' id='word_1_36' title='bbox 1064 1302 1269 1402; x_wconf 81' lang='lat' dir='ltr'><strong>dedignatur.</strong></span> <span class='ocrx_word' id='word_1_37' title='bbox 1325 1318 1465 1383; x_wconf 71' lang='lat' dir='ltr'><strong>Minutas</strong></span> 
     </span>
     <span class='ocr_line' id='line_1_10' title="bbox 511 1416 1467 1502; baseline -0.003 -18"><span class='ocrx_word' id='word_1_38' title='bbox 511 1420 608 1485; x_wconf 89' lang='lat' dir='ltr'><strong>etiam</strong></span> <span class='ocrx_word' id='word_1_39' title='bbox 623 1442 707 1498; x_wconf 88' lang='lat' dir='ltr'><strong>aves,</strong></span> <span class='ocrx_word' id='word_1_40' title='bbox 722 1419 862 1483; x_wconf 88' lang='lat' dir='ltr'><strong>adventu</strong></span> <span class='ocrx_word' id='word_1_41' title='bbox 887 1442 944 1482; x_wconf 91' lang='lat' dir='ltr'><strong>suo</strong></span> <span class='ocrx_word' id='word_1_42' title='bbox 960 1416 1009 1479; x_wconf 85' lang='lat' dir='ltr'><strong>rel</strong></span> <span class='ocrx_word' id='word_1_43' title='bbox 1031 1439 1166 1495; x_wconf 83' lang='lat' dir='ltr'><strong>recessu,</strong></span> <span class='ocrx_word' id='word_1_44' title='bbox 1182 1416 1360 1502; x_wconf 88' lang='lat' dir='ltr'><strong>significant</strong></span> <span class='ocrx_word' id='word_1_45' title='bbox 1375 1418 1467 1482; x_wconf 81' lang='lat' dir='ltr'><strong>fami-</strong></span> 
     </span>
     <span class='ocr_line' id='line_1_11' title="bbox 511 1518 1466 1603; baseline -0.004 -16"><span class='ocrx_word' id='word_1_46' title='bbox 511 1524 586 1587; x_wconf 86' lang='lat' dir='ltr'><strong>liam</strong></span> <span class='ocrx_word' id='word_1_47' title='bbox 601 1543 684 1587; x_wconf 88' lang='lat' dir='ltr'><strong>nunc</strong></span> <span class='ocrx_word' id='word_1_48' title='bbox 700 1522 812 1596; x_wconf 91' lang='lat' dir='ltr'><strong>minui,</strong></span> <span class='ocrx_word' id='word_1_49' title='bbox 829 1542 915 1583; x_wconf 93' lang='lat' dir='ltr'><strong>nunc</strong></span> <span class='ocrx_word' id='word_1_50' title='bbox 930 1518 1049 1603; x_wconf 88' lang='lat' dir='ltr'><strong>augeri.</strong></span> <span class='ocrx_word' id='word_1_51' title='bbox 1080 1518 1234 1582; x_wconf 90' lang='lat' dir='ltr'><strong>Omnium</strong></span> <span class='ocrx_word' id='word_1_52' title='bbox 1251 1542 1326 1583; x_wconf 89' lang='lat' dir='ltr'><strong>vero</strong></span> <span class='ocrx_word' id='word_1_53' title='bbox 1341 1519 1466 1585; x_wconf 84' lang='lat' dir='ltr'><strong>volatus</strong></span> 
     </span>
     <span class='ocr_line' id='line_1_12' title="bbox 512 1618 1466 1709; baseline -0.003 -22"><span class='ocrx_word' id='word_1_54' title='bbox 512 1635 634 1709; x_wconf 92' lang='lat' dir='ltr'><strong>quanto</strong></span> <span class='ocrx_word' id='word_1_55' title='bbox 660 1625 807 1698; x_wconf 86' lang='lat' dir='ltr'><strong>serenior,</strong></span> <span class='ocrx_word' id='word_1_56' title='bbox 836 1632 928 1685; x_wconf 92' lang='lat' dir='ltr'><strong>tanto</strong></span> <span class='ocrx_word' id='word_1_57' title='bbox 952 1618 1144 1683; x_wconf 87' lang='lat' dir='ltr'><strong>laudabilior</strong></span> <span class='ocrx_word' id='word_1_58' title='bbox 1169 1633 1228 1685; x_wconf 88' lang='lat' dir='ltr'><strong>est.</strong></span> <span class='ocrx_word' id='word_1_59' title='bbox 1273 1620 1369 1687; x_wconf 91' lang='lat' dir='ltr'><strong>Unde</strong></span> <span class='ocrx_word' id='word_1_60' title='bbox 1397 1624 1466 1685; x_wconf 91' lang='lat' dir='ltr'><strong>Me-</strong></span> 
     </span>
     <span class='ocr_line' id='line_1_13' title="bbox 510 1721 1467 1809; baseline 0 -22"><span class='ocrx_word' id='word_1_61' title='bbox 510 1725 629 1806; x_wconf 88' lang='lat' dir='ltr'><strong>lampo,</strong></span> <span class='ocrx_word' id='word_1_62' title='bbox 658 1746 762 1809; x_wconf 87' lang='lat' dir='ltr'><strong>augur</strong></span> <span class='ocrx_word' id='word_1_63' title='bbox 798 1721 1050 1808; x_wconf 84' lang='lat' dir='ltr'><strong>praenominatua</strong></span> <span class='ocrx_word' id='word_1_64' title='bbox 1079 1723 1300 1807; x_wconf 86' lang='lat' dir='ltr'><strong>conqueritur,</strong></span> <span class='ocrx_word' id='word_1_65' title='bbox 1328 1734 1467 1807; x_wconf 88' lang='lat' dir='ltr'><strong>stragem</strong></span> 
     </span>
     <span class='ocr_line' id='line_1_14' title="bbox 515 1824 1082 1912; baseline 0 -23"><span class='ocrx_word' id='word_1_66' title='bbox 515 1828 702 1890; x_wconf 71' lang='lat' dir='ltr'><strong>Graecorum</strong></span> <span class='ocrx_word' id='word_1_67' title='bbox 718 1825 887 1912; x_wconf 84' lang='lat' dir='ltr'><strong>conjiciens</strong></span> <span class='ocrx_word' id='word_1_68' title='bbox 904 1848 944 1889; x_wconf 86' lang='lat' dir='ltr'><strong>ex</strong></span> <span class='ocrx_word' id='word_1_69' title='bbox 960 1824 1082 1903; x_wconf 86' lang='lat' dir='ltr'><strong>volatu,</strong></span> 
     </span>
    </p>
   </div>
   <div class='ocr_carea' id='block_1_5' title="bbox 690 1940 1119 2095">
    <p class='ocr_par' dir='ltr' id='par_1_6' title="bbox 690 1940 1119 2095">
     <span class='ocr_line' id='line_1_15' title="bbox 793 1940 1119 1995; baseline -0.006 0"><span class='ocrx_word' id='word_1_70' title='bbox 793 1942 878 1995; x_wconf 91' lang='lat' dir='ltr'><strong>Vides</strong></span> <span class='ocrx_word' id='word_1_71' title='bbox 889 1946 919 1995; x_wconf 86' lang='lat' dir='ltr'><strong>ut</strong></span> <span class='ocrx_word' id='word_1_72' title='bbox 929 1940 1002 1994; x_wconf 88' lang='lat' dir='ltr'><strong>nulla</strong></span> <span class='ocrx_word' id='word_1_73' title='bbox 1012 1958 1119 1994; x_wconf 83' lang='lat' dir='ltr'><strong>serenos</strong></span> 
     </span>
     <span class='ocr_line' id='line_1_16' title="bbox 690 2028 941 2095; baseline -0.004 -15"><span class='ocrx_word' id='word_1_74' title='bbox 690 2028 757 2081; x_wconf 79' lang='lat' dir='ltr'><strong>Ales</strong></span> <span class='ocrx_word' id='word_1_75' title='bbox 769 2033 832 2095; x_wconf 78' lang='lat' dir='ltr'><strong>agat</strong></span> <span class='ocrx_word' id='word_1_76' title='bbox 843 2044 941 2080; x_wconf 85' lang='lat' dir='ltr'><strong>cursus.</strong></span> 
     </span>
    </p>
   </div>
   <div class='ocr_carea' id='block_1_6' title="bbox 442 2121 1476 4438">
    <p class='ocr_par' dir='ltr' id='par_1_7' title="bbox 442 2121 1476 4438">
     <span class='ocr_line' id='line_1_17' title="bbox 517 2121 1467 2208; baseline -0.003 -19"><span class='ocrx_word' id='word_1_77' title='bbox 517 2129 549 2188; x_wconf 90' lang='lat' dir='ltr'>A</span> <span class='ocrx_word' id='word_1_78' title='bbox 565 2124 674 2189; x_wconf 87' lang='lat' dir='ltr'><strong>bestiis</strong></span> <span class='ocrx_word' id='word_1_79' title='bbox 689 2145 818 2208; x_wconf 90' lang='lat' dir='ltr'><strong>quoque</strong></span> <span class='ocrx_word' id='word_1_80' title='bbox 832 2122 956 2186; x_wconf 86' lang='lat' dir='ltr'><strong>viarum</strong></span> <span class='ocrx_word' id='word_1_81' title='bbox 973 2134 1102 2186; x_wconf 88' lang='lat' dir='ltr'><strong>tuarum</strong></span> <span class='ocrx_word' id='word_1_82' title='bbox 1117 2133 1251 2187; x_wconf 86' lang='lat' dir='ltr'><strong>eventus</strong></span> <span class='ocrx_word' id='word_1_83' title='bbox 1267 2121 1467 2187; x_wconf 85' lang='lat' dir='ltr'><strong>scrutaberis.</strong></span> 
     </span>
     <span class='ocr_line' id='line_1_18' title="bbox 453 2212 1469 2311; baseline -0.003 -21"><span class='ocrx_word' id='word_1_84' title='bbox 453 2212 494 2311; x_wconf 74' lang='grc'><strong>&gt;&lt;</strong></span> <span class='ocrx_word' id='word_1_85' title='bbox 518 2226 654 2311; x_wconf 90' lang='lat' dir='ltr'><strong>Leporis</strong></span> <span class='ocrx_word' id='word_1_86' title='bbox 676 2224 802 2289; x_wconf 88' lang='lat' dir='ltr'><strong>timebis</strong></span> <span class='ocrx_word' id='word_1_87' title='bbox 824 2247 1002 2304; x_wconf 89' lang='lat' dir='ltr'><strong>occursum,</strong></span> <span class='ocrx_word' id='word_1_88' title='bbox 1031 2223 1057 2287; x_wconf 91' lang='lat' dir='ltr'><strong>si</strong></span> <span class='ocrx_word' id='word_1_89' title='bbox 1087 2237 1192 2288; x_wconf 89' lang='lat' dir='ltr'><strong>tamen</strong></span> <span class='ocrx_word' id='word_1_90' title='bbox 1219 2224 1362 2289; x_wconf 83' lang='lat' dir='ltr'><strong>evaserit.</strong></span> <span class='ocrx_word' id='word_1_91' title='bbox 1407 2224 1469 2288; x_wconf 86' lang='lat' dir='ltr'><strong>Est</strong></span> 
     </span>
     <span class='ocr_line' id='line_1_19' title="bbox 517 2325 1468 2412; baseline -0.002 -22"><span class='ocrx_word' id='word_1_92' title='bbox 517 2326 600 2391; x_wconf 85' lang='lat' dir='ltr'><strong>enim</strong></span> <span class='ocrx_word' id='word_1_93' title='bbox 624 2326 836 2412; x_wconf 90' lang='lat' dir='ltr'><strong>proculdubio</strong></span> <span class='ocrx_word' id='word_1_94' title='bbox 857 2325 951 2411; x_wconf 89' lang='lat' dir='ltr'><strong>longe</strong></span> <span class='ocrx_word' id='word_1_95' title='bbox 970 2325 1165 2389; x_wconf 87' lang='lat' dir='ltr'><strong>commodior</strong></span> <span class='ocrx_word' id='word_1_96' title='bbox 1183 2325 1216 2388; x_wconf 90' lang='lat' dir='ltr'><strong>in</strong></span> <span class='ocrx_word' id='word_1_97' title='bbox 1237 2347 1356 2403; x_wconf 90' lang='lat' dir='ltr'><strong>mensa,</strong></span> <span class='ocrx_word' id='word_1_98' title='bbox 1370 2347 1468 2411; x_wconf 89' lang='lat' dir='ltr'><strong>quarn</strong></span> 
     </span>
     <span class='ocr_line' id='line_1_20' title="bbox 446 2426 1468 2523; baseline -0.001 -32"><span class='ocrx_word' id='word_1_99' title='bbox 446 2442 500 2523; x_wconf 68' lang='grc' dir='ltr'><em>χ</em></span> <span class='ocrx_word' id='word_1_100' title='bbox 518 2428 550 2491; x_wconf 92' lang='lat' dir='ltr'><strong>in</strong></span> <span class='ocrx_word' id='word_1_101' title='bbox 566 2428 628 2493; x_wconf 89' lang='lat' dir='ltr'><strong>via.</strong></span> <span class='ocrx_word' id='word_1_102' title='bbox 674 2429 772 2513; x_wconf 92' lang='lat' dir='ltr'><strong>Lupo</strong></span> <span class='ocrx_word' id='word_1_103' title='bbox 792 2428 887 2501; x_wconf 89' lang='lat' dir='ltr'><strong>obvio</strong></span> <span class='ocrx_word' id='word_1_104' title='bbox 907 2426 1197 2513; x_wconf 82' lang='lat' dir='ltr'><strong>congratulaberis:</strong></span> <span class='ocrx_word' id='word_1_105' title='bbox 1221 2426 1297 2491; x_wconf 91' lang='lat' dir='ltr'><strong>boni</strong></span> <span class='ocrx_word' id='word_1_106' title='bbox 1311 2426 1468 2513; x_wconf 87' lang='lat' dir='ltr'><strong>siquidem</strong></span> 
     </span>
     <span class='ocr_line' id='line_1_21' title="bbox 518 2527 1468 2613; baseline -0.002 -20"><span class='ocrx_word' id='word_1_107' title='bbox 518 2527 652 2595; x_wconf 91' lang='lat' dir='ltr'><strong>nuncius</strong></span> <span class='ocrx_word' id='word_1_108' title='bbox 667 2543 726 2607; x_wconf 89' lang='lat' dir='ltr'><strong>est,</strong></span> <span class='ocrx_word' id='word_1_109' title='bbox 737 2528 809 2594; x_wconf 89' lang='lat' dir='ltr'><strong>licet</strong></span> <span class='ocrx_word' id='word_1_110' title='bbox 828 2528 895 2592; x_wconf 91' lang='lat' dir='ltr'><strong>solo</strong></span> <span class='ocrx_word' id='word_1_111' title='bbox 907 2528 975 2592; x_wconf 87' lang='lat' dir='ltr'><strong>visu</strong></span> <span class='ocrx_word' id='word_1_112' title='bbox 991 2551 1102 2592; x_wconf 89' lang='lat' dir='ltr'><strong>nocere</strong></span> <span class='ocrx_word' id='word_1_113' title='bbox 1117 2528 1216 2592; x_wconf 82' lang='lat' dir='ltr'><strong>soleat</strong></span> <span class='ocrx_word' id='word_1_114' title='bbox 1231 2527 1271 2606; x_wconf 89' lang='lat' dir='ltr'><strong>ei,</strong></span> <span class='ocrx_word' id='word_1_115' title='bbox 1282 2550 1378 2613; x_wconf 90' lang='lat' dir='ltr'><strong>quem</strong></span> <span class='ocrx_word' id='word_1_116' title='bbox 1394 2540 1468 2593; x_wconf 89' lang='lat' dir='ltr'><strong>aute</strong></span> 
     </span>
     <span class='ocr_line' id='line_1_22' title="bbox 517 2628 1380 2716; baseline -0.001 -23"><span class='ocrx_word' id='word_1_117' title='bbox 517 2630 710 2716; x_wconf 73' lang='lat' dir='ltr'><strong>praeciderit,</strong></span> <span class='ocrx_word' id='word_1_118' title='bbox 727 2653 899 2715; x_wconf 90' lang='lat' dir='ltr'><strong>vocemque</strong></span> <span class='ocrx_word' id='word_1_119' title='bbox 915 2629 1120 2716; x_wconf 84' lang='lat' dir='ltr'><strong>praecludere.</strong></span> <span class='ocrx_word' id='word_1_120' title='bbox 1166 2630 1271 2693; x_wconf 84' lang='lat' dir='ltr'><strong>Juxta</strong></span> <span class='ocrx_word' id='word_1_121' title='bbox 1284 2628 1380 2705; x_wconf 91' lang='lat' dir='ltr'><strong>illud,</strong></span> 
     </span>
     <span class='ocr_line' id='line_1_23' title="bbox 657 2736 1278 2811; baseline -0.011 -17"><span class='ocrx_word' id='word_1_122' title='bbox 657 2740 721 2794; x_wconf 86' lang='lat' dir='ltr'><strong>Vox</strong></span> <span class='ocrx_word' id='word_1_123' title='bbox 732 2738 801 2808; x_wconf 79' lang='lat' dir='ltr'><strong>fugit</strong></span> <span class='ocrx_word' id='word_1_124' title='bbox 812 2740 879 2811; x_wconf 88' lang='lat' dir='ltr'><strong>ipsa,</strong></span> <span class='ocrx_word' id='word_1_125' title='bbox 890 2738 945 2810; x_wconf 89' lang='lat' dir='ltr'><strong>lupi</strong></span> <span class='ocrx_word' id='word_1_126' title='bbox 958 2738 1063 2792; x_wconf 84' lang='lat' dir='ltr'><strong>Macrim</strong></span> <span class='ocrx_word' id='word_1_127' title='bbox 1073 2738 1160 2790; x_wconf 85' lang='lat' dir='ltr'><strong>videre</strong></span> <span class='ocrx_word' id='word_1_128' title='bbox 1171 2736 1278 2809; x_wconf 79' lang='lat' dir='ltr'><strong>priores.</strong></span> 
     </span>
     <span class='ocr_line' id='line_1_24' title="bbox 519 2832 1471 2900; baseline -0.001 -1"><span class='ocrx_word' id='word_1_129' title='bbox 519 2836 622 2899; x_wconf 89' lang='lat' dir='ltr'><strong>Hiero</strong></span> <span class='ocrx_word' id='word_1_130' title='bbox 665 2835 791 2898; x_wconf 90' lang='lat' dir='ltr'><strong>Siculus</strong></span> <span class='ocrx_word' id='word_1_131' title='bbox 830 2835 1008 2900; x_wconf 86' lang='lat' dir='ltr'><strong>literatorio</strong></span> <span class='ocrx_word' id='word_1_132' title='bbox 1047 2834 1195 2898; x_wconf 90' lang='lat' dir='ltr'><strong>insistens</strong></span> <span class='ocrx_word' id='word_1_133' title='bbox 1236 2847 1264 2900; x_wconf 88' lang='lat' dir='ltr'><strong>st</strong></span> <span class='ocrx_word' id='word_1_134' title='bbox 1313 2832 1319 2845; x_wconf 82' lang='grc'><strong>’</strong></span> <span class='ocrx_word' id='word_1_135' title='bbox 1389 2837 1471 2899; x_wconf 90' lang='lat' dir='ltr'><strong>inter</strong></span> 
     </span>
     <span class='ocr_line' id='line_1_25' title="bbox 519 2907 1472 3022; baseline 0.003 -24"><span class='ocrx_word' id='word_1_136' title='bbox 519 2934 696 3020; x_wconf 71' lang='lat' dir='ltr'><strong>coaequales</strong></span> <span class='ocrx_word' id='word_1_137' title='bbox 718 2935 790 2998; x_wconf 90' lang='lat' dir='ltr'><strong>stilo</strong></span> <span class='ocrx_word' id='word_1_138' title='bbox 810 2907 1069 3020; x_wconf 47' lang='lat' dir='ltr'><strong>operam—dabat,</strong></span> <span class='ocrx_word' id='word_1_139' title='bbox 1084 2936 1178 3020; x_wconf 90' lang='lat' dir='ltr'><strong>eique</strong></span> <span class='ocrx_word' id='word_1_140' title='bbox 1199 2934 1298 3022; x_wconf 90' lang='lat' dir='ltr'><strong>lupus</strong></span> <span class='ocrx_word' id='word_1_141' title='bbox 1318 2936 1351 2999; x_wconf 92' lang='lat' dir='ltr'><strong>in</strong></span> <span class='ocrx_word' id='word_1_142' title='bbox 1375 2938 1472 3001; x_wconf 88' lang='lat' dir='ltr'><strong>turba</strong></span> 
     </span>
     <span class='ocr_line' id='line_1_26' title="bbox 520 3037 1471 3123; baseline 0.003 -23"><span class='ocrx_word' id='word_1_143' title='bbox 520 3058 691 3122; x_wconf 86' lang='lat' dir='ltr'><strong>puerorum</strong></span> <span class='ocrx_word' id='word_1_144' title='bbox 712 3050 841 3121; x_wconf 90' lang='lat' dir='ltr'><strong>repente</strong></span> <span class='ocrx_word' id='word_1_145' title='bbox 861 3050 1062 3123; x_wconf 91' lang='lat' dir='ltr'><strong>conspectus,</strong></span> <span class='ocrx_word' id='word_1_146' title='bbox 1083 3037 1232 3102; x_wconf 90' lang='lat' dir='ltr'><strong>tabellam</strong></span> <span class='ocrx_word' id='word_1_147' title='bbox 1252 3039 1382 3123; x_wconf 89' lang='lat' dir='ltr'><strong>eripuit,</strong></span> <span class='ocrx_word' id='word_1_148' title='bbox 1402 3062 1471 3103; x_wconf 90' lang='lat' dir='ltr'><strong>suc-</strong></span> 
     </span>
     <span class='ocr_line' id='line_1_27' title="bbox 520 3137 1470 3225; baseline 0.002 -23"><span class='ocrx_word' id='word_1_149' title='bbox 520 3160 627 3202; x_wconf 89' lang='lat' dir='ltr'><strong>cessus</strong></span> <span class='ocrx_word' id='word_1_150' title='bbox 661 3137 796 3206; x_wconf 90' lang='lat' dir='ltr'><strong>bominis</strong></span> <span class='ocrx_word' id='word_1_151' title='bbox 829 3139 968 3220; x_wconf 87' lang='lat' dir='ltr'><strong>firmans,</strong></span> <span class='ocrx_word' id='word_1_152' title='bbox 1001 3139 1148 3204; x_wconf 89' lang='lat' dir='ltr'><strong>inaudita</strong></span> <span class='ocrx_word' id='word_1_153' title='bbox 1180 3138 1284 3203; x_wconf 81' lang='lat' dir='ltr'><strong>forma</strong></span> <span class='ocrx_word' id='word_1_154' title='bbox 1320 3140 1470 3225; x_wconf 84' lang='lat' dir='ltr'><strong>prodigii.</strong></span> 
     </span>
     <span class='ocr_line' id='line_1_28' title="bbox 521 3240 1472 3327; baseline 0.003 -25"><span class='ocrx_word' id='word_1_155' title='bbox 521 3240 608 3318; x_wconf 85' lang='lat' dir='ltr'><strong>Quid</strong></span> <span class='ocrx_word' id='word_1_156' title='bbox 635 3240 758 3303; x_wconf 89' lang='lat' dir='ltr'><strong>multa?</strong></span> <span class='ocrx_word' id='word_1_157' title='bbox 787 3241 858 3327; x_wconf 95' lang='lat' dir='ltr'><strong>lupi</strong></span> <span class='ocrx_word' id='word_1_158' title='bbox 882 3242 1052 3306; x_wconf 90' lang='lat' dir='ltr'><strong>efficaciam</strong></span> <span class='ocrx_word' id='word_1_159' title='bbox 1077 3263 1140 3305; x_wconf 90' lang='lat' dir='ltr'><strong>non</strong></span> <span class='ocrx_word' id='word_1_160' title='bbox 1163 3240 1305 3324; x_wconf 88' lang='lat' dir='ltr'><strong>negabit,</strong></span> <span class='ocrx_word' id='word_1_161' title='bbox 1325 3241 1472 3327; x_wconf 89' lang='lat' dir='ltr'><strong>quisquis</strong></span> 
     </span>
     <span class='ocr_line' id='line_1_29' title="bbox 522 3341 1471 3428; baseline 0.003 -25"><span class='ocrx_word' id='word_1_162' title='bbox 522 3341 738 3406; x_wconf 89' lang='lat' dir='ltr'><strong>Romanorum</strong></span> <span class='ocrx_word' id='word_1_163' title='bbox 758 3365 860 3428; x_wconf 89' lang='lat' dir='ltr'><strong>genus</strong></span> <span class='ocrx_word' id='word_1_164' title='bbox 880 3343 993 3428; x_wconf 93' lang='lat' dir='ltr'><strong>lupino</strong></span> <span class='ocrx_word' id='word_1_165' title='bbox 1015 3345 1097 3408; x_wconf 90' lang='lat' dir='ltr'><strong>lacte</strong></span> <span class='ocrx_word' id='word_1_166' title='bbox 1117 3365 1180 3406; x_wconf 92' lang='lat' dir='ltr'><strong>non</strong></span> <span class='ocrx_word' id='word_1_167' title='bbox 1203 3341 1336 3426; x_wconf 86' lang='lat' dir='ltr'><strong>ambigit</strong></span> <span class='ocrx_word' id='word_1_168' title='bbox 1356 3343 1471 3406; x_wconf 86' lang='lat' dir='ltr'><strong>educa-</strong></span> 
     </span>
     <span class='ocr_line' id='line_1_30' title="bbox 522 3441 1469 3533; baseline 0.004 -29"><span class='ocrx_word' id='word_1_169' title='bbox 522 3453 601 3504; x_wconf 91' lang='lat' dir='ltr'><strong>tum.</strong></span> <span class='ocrx_word' id='word_1_170' title='bbox 648 3441 742 3508; x_wconf 92' lang='lat' dir='ltr'><strong>Unde</strong></span> <span class='ocrx_word' id='word_1_171' title='bbox 762 3444 950 3531; x_wconf 90' lang='lat' dir='ltr'><strong>plerumque</strong></span> <span class='ocrx_word' id='word_1_172' title='bbox 965 3445 1051 3533; x_wconf 93' lang='lat' dir='ltr'><strong>quod</strong></span> <span class='ocrx_word' id='word_1_173' title='bbox 1076 3449 1110 3509; x_wconf 91' lang='lat' dir='ltr'><strong>in</strong></span> <span class='ocrx_word' id='word_1_174' title='bbox 1128 3444 1174 3508; x_wconf 87' lang='lat' dir='ltr'><strong>eis</strong></span> <span class='ocrx_word' id='word_1_175' title='bbox 1193 3442 1321 3507; x_wconf 89' lang='lat' dir='ltr'><strong>dulcius</strong></span> <span class='ocrx_word' id='word_1_176' title='bbox 1339 3457 1398 3520; x_wconf 88' lang='lat' dir='ltr'><strong>est,</strong></span> <span class='ocrx_word' id='word_1_177' title='bbox 1414 3444 1469 3510; x_wconf 92' lang='lat' dir='ltr'><strong>ad-</strong></span> 
     </span>
     <span class='ocr_line' id='line_1_31' title="bbox 522 3540 1471 3632; baseline 0.004 -29"><span class='ocrx_word' id='word_1_178' title='bbox 522 3540 586 3606; x_wconf 91' lang='lat' dir='ltr'><strong>huc</strong></span> <span class='ocrx_word' id='word_1_179' title='bbox 600 3541 745 3624; x_wconf 89' lang='lat' dir='ltr'><strong>lupinum</strong></span> <span class='ocrx_word' id='word_1_180' title='bbox 762 3565 905 3629; x_wconf 88' lang='lat' dir='ltr'><strong>saporem</strong></span> <span class='ocrx_word' id='word_1_181' title='bbox 920 3548 1052 3620; x_wconf 88' lang='lat' dir='ltr'><strong>retinet;</strong></span> <span class='ocrx_word' id='word_1_182' title='bbox 1069 3544 1230 3632; x_wconf 92' lang='lat' dir='ltr'><strong>primique</strong></span> <span class='ocrx_word' id='word_1_183' title='bbox 1244 3565 1352 3608; x_wconf 90' lang='lat' dir='ltr'><strong>eorum</strong></span> <span class='ocrx_word' id='word_1_184' title='bbox 1363 3545 1471 3622; x_wconf 86' lang='lat' dir='ltr'><strong>fidem,</strong></span> 
     </span>
     <span class='ocr_line' id='line_1_32' title="bbox 521 3644 1474 3730; baseline 0.002 -26"><span class='ocrx_word' id='word_1_185' title='bbox 521 3663 618 3726; x_wconf 90' lang='lat' dir='ltr'><strong>quam</strong></span> <span class='ocrx_word' id='word_1_186' title='bbox 641 3665 661 3704; x_wconf 94' lang='lat' dir='ltr'><strong>a</strong></span> <span class='ocrx_word' id='word_1_187' title='bbox 684 3655 783 3714; x_wconf 89' lang='lat' dir='ltr'><strong>matre</strong></span> <span class='ocrx_word' id='word_1_188' title='bbox 805 3645 903 3730; x_wconf 89' lang='lat' dir='ltr'><strong>Lupa</strong></span> <span class='ocrx_word' id='word_1_189' title='bbox 923 3648 1112 3726; x_wconf 86' lang='lat' dir='ltr'><strong>didicerant,</strong></span> <span class='ocrx_word' id='word_1_190' title='bbox 1131 3645 1191 3709; x_wconf 88' lang='lat' dir='ltr'><strong>sibi</strong></span> <span class='ocrx_word' id='word_1_191' title='bbox 1213 3644 1346 3709; x_wconf 90' lang='lat' dir='ltr'><strong>invicem</strong></span> <span class='ocrx_word' id='word_1_192' title='bbox 1369 3667 1474 3708; x_wconf 88' lang='lat' dir='ltr'><strong>serva-</strong></span> 
     </span>
     <span class='ocr_line' id='line_1_33' title="bbox 522 3743 1473 3832; baseline 0.002 -28"><span class='ocrx_word' id='word_1_193' title='bbox 522 3755 647 3819; x_wconf 91' lang='lat' dir='ltr'><strong>verunt,</strong></span> <span class='ocrx_word' id='word_1_194' title='bbox 670 3743 846 3831; x_wconf 88' lang='lat' dir='ltr'><strong>eademque</strong></span> <span class='ocrx_word' id='word_1_195' title='bbox 869 3749 1008 3832; x_wconf 89' lang='lat' dir='ltr'><strong>quadam</strong></span> <span class='ocrx_word' id='word_1_196' title='bbox 1031 3747 1101 3832; x_wconf 92' lang='lat' dir='ltr'><strong>lege</strong></span> <span class='ocrx_word' id='word_1_197' title='bbox 1123 3759 1247 3811; x_wconf 79' lang='lat' dir='ltr'><strong>naturae</strong></span> <span class='ocrx_word' id='word_1_198' title='bbox 1269 3745 1410 3808; x_wconf 89' lang='lat' dir='ltr'><strong>manavit</strong></span> <span class='ocrx_word' id='word_1_199' title='bbox 1432 3743 1473 3807; x_wconf 92' lang='lat' dir='ltr'><strong>ad</strong></span> 
     </span>
     <span class='ocr_line' id='line_1_34' title="bbox 457 3842 1473 3948; baseline 0.001 -42"><span class='ocrx_word' id='word_1_200' title='bbox 457 3849 490 3948; x_wconf 55' lang='lat' dir='ltr'><em>A</em></span> <span class='ocrx_word' id='word_1_201' title='bbox 522 3856 673 3928; x_wconf 87' lang='lat' dir='ltr'><strong>posteros.</strong></span> <span class='ocrx_word' id='word_1_202' title='bbox 720 3846 843 3911; x_wconf 90' lang='lat' dir='ltr'><strong>Ovibus</strong></span> <span class='ocrx_word' id='word_1_203' title='bbox 865 3861 1030 3932; x_wconf 89' lang='lat' dir='ltr'><strong>gratanter</strong></span> <span class='ocrx_word' id='word_1_204' title='bbox 1056 3848 1182 3911; x_wconf 91' lang='lat' dir='ltr'><strong>obviam</strong></span> <span class='ocrx_word' id='word_1_205' title='bbox 1206 3842 1373 3928; x_wconf 86' lang='lat' dir='ltr'><strong>gradieris,</strong></span> <span class='ocrx_word' id='word_1_206' title='bbox 1394 3843 1473 3907; x_wconf 92' lang='lat' dir='ltr'><strong>dum</strong></span> 
     </span>
     <span class='ocr_line' id='line_1_35' title="bbox 523 3946 1167 4032; baseline 0.008 -29"><span class='ocrx_word' id='word_1_207' title='bbox 523 3963 649 4026; x_wconf 91' lang='lat' dir='ltr'><strong>capram</strong></span> <span class='ocrx_word' id='word_1_208' title='bbox 666 3949 757 4021; x_wconf 84' lang='lat' dir='ltr'><strong>vites,</strong></span> <span class='ocrx_word' id='word_1_209' title='bbox 772 3971 824 4012; x_wconf 84' lang='lat' dir='ltr'><strong>cur</strong></span> <span class='ocrx_word' id='word_1_210' title='bbox 814 3948 985 4012; x_wconf 89' lang='lat' dir='ltr'><strong>alludens</strong></span> <span class='ocrx_word' id='word_1_211' title='bbox 1001 3962 1097 4032; x_wconf 90' lang='lat' dir='ltr'><strong>poeta</strong></span> <span class='ocrx_word' id='word_1_212' title='bbox 1110 3946 1167 4020; x_wconf 90' lang='lat' dir='ltr'><strong>ait,</strong></span> 
     </span>
     <span class='ocr_line' id='line_1_36' title="bbox 663 4052 1239 4130; baseline 0 -26"><span class='ocrx_word' id='word_1_213' title='bbox 663 4052 804 4108; x_wconf 82' lang='lat' dir='ltr'><strong>Occursare</strong></span> <span class='ocrx_word' id='word_1_214' title='bbox 815 4075 901 4130; x_wconf 87' lang='lat' dir='ltr'><strong>capro,</strong></span> <span class='ocrx_word' id='word_1_215' title='bbox 914 4073 991 4108; x_wconf 88' lang='lat' dir='ltr'><strong>cornu</strong></span> <span class='ocrx_word' id='word_1_216' title='bbox 1003 4054 1064 4106; x_wconf 84' lang='lat' dir='ltr'><strong>ferit</strong></span> <span class='ocrx_word' id='word_1_217' title='bbox 1075 4053 1130 4116; x_wconf 89' lang='lat' dir='ltr'><strong>ille,</strong></span> <span class='ocrx_word' id='word_1_218' title='bbox 1141 4057 1239 4105; x_wconf 82' lang='lat' dir='ltr'><strong>caveto.</strong></span> 
     </span>
     <span class='ocr_line' id='line_1_37' title="bbox 465 4127 1474 4229; baseline 0.007 -23"><span class='ocrx_word' id='word_1_219' title='bbox 465 4127 636 4216; x_wconf 63' lang='lat' dir='ltr'><strong>74Bobus</strong></span> <span class='ocrx_word' id='word_1_220' title='bbox 658 4147 905 4229; x_wconf 89' lang='lat' dir='ltr'><strong>triturantibus,</strong></span> <span class='ocrx_word' id='word_1_221' title='bbox 915 4149 1068 4213; x_wconf 91' lang='lat' dir='ltr'><strong>libentius</strong></span> <span class='ocrx_word' id='word_1_222' title='bbox 1090 4161 1196 4212; x_wconf 91' lang='lat' dir='ltr'><strong>tamen</strong></span> <span class='ocrx_word' id='word_1_223' title='bbox 1218 4147 1394 4224; x_wconf 89' lang='lat' dir='ltr'><strong>arantibus,</strong></span> <span class='ocrx_word' id='word_1_224' title='bbox 1417 4149 1474 4213; x_wconf 88' lang='lat' dir='ltr'><strong>ob-</strong></span> 
     </span>
     <span class='ocr_line' id='line_1_38' title="bbox 526 4243 1476 4336; baseline 0.006 -30"><span class='ocrx_word' id='word_1_225' title='bbox 526 4243 635 4309; x_wconf 88' lang='lat' dir='ltr'><strong>viabis</strong></span> <span class='ocrx_word' id='word_1_226' title='bbox 680 4252 747 4314; x_wconf 92' lang='lat' dir='ltr'><strong>Nec</strong></span> <span class='ocrx_word' id='word_1_227' title='bbox 771 4248 983 4336; x_wconf 90' lang='lat' dir='ltr'><strong>displiceat</strong></span> <span class='ocrx_word' id='word_1_228' title='bbox 961 4272 986 4312; x_wconf 87' lang='lat' dir='ltr'><strong>sr</strong></span> <span class='ocrx_word' id='word_1_229' title='bbox 1008 4248 1093 4311; x_wconf 87' lang='lat' dir='ltr'><strong>viam</strong></span> <span class='ocrx_word' id='word_1_230' title='bbox 1115 4248 1273 4331; x_wconf 88' lang='lat' dir='ltr'><strong>ruperint,</strong></span> <span class='ocrx_word' id='word_1_231' title='bbox 1288 4250 1365 4334; x_wconf 90' lang='lat' dir='ltr'><strong>quia</strong></span> <span class='ocrx_word' id='word_1_232' title='bbox 1387 4271 1476 4314; x_wconf 89' lang='lat' dir='ltr'><strong>mora</strong></span> 
     </span>
     <span class='ocr_line' id='line_1_39' title="bbox 442 4345 1476 4438; baseline 0.006 -28"><span class='ocrx_word' id='word_1_233' title='bbox 442 4345 480 4430; x_wconf 63' lang='lat' dir='ltr'><strong>&gt;t</strong></span> <span class='ocrx_word' id='word_1_234' title='bbox 521 4347 643 4412; x_wconf 89' lang='lat' dir='ltr'><strong>itineris</strong></span> <span class='ocrx_word' id='word_1_235' title='bbox 659 4349 789 4437; x_wconf 88' lang='lat' dir='ltr'><strong>hospitii</strong></span> <span class='ocrx_word' id='word_1_236' title='bbox 802 4354 908 4438; x_wconf 87' lang='lat' dir='ltr'><strong>gratia</strong></span> <span class='ocrx_word' id='word_1_237' title='bbox 922 4351 1188 4437; x_wconf 88' lang='lat' dir='ltr'><strong>compensabitur.</strong></span> <span class='ocrx_word' id='word_1_238' title='bbox 1229 4352 1343 4417; x_wconf 90' lang='lat' dir='ltr'><strong>Mulus</strong></span> <span class='ocrx_word' id='word_1_239' title='bbox 1357 4352 1476 4417; x_wconf 84' lang='lat' dir='ltr'><strong>inlaus-</strong></span> 
     </span>
    </p>
   </div>
   <div class='ocr_carea' id='block_1_7' title="bbox 0 0 1808 5575">
    <p class='ocr_par' dir='ltr' id='par_1_8' title="bbox 0 0 1808 5575">
     <span class='ocr_line' id='line_1_40' title="bbox 0 0 1808 5575; baseline 0 0"><span class='ocrx_word' id='word_1_240' title='bbox 0 0 1808 5575; x_wconf 95' lang='lat' dir='ltr'><strong> </strong></span> 
     </span>
    </p>
   </div>
  </div>
 </body>
</html>
