3575 5575
323 804 392 850 car.
408 785 493 864 xva]
674 803 928 851 Posrcnsrrcus.
1236 789 1278 849 89

325 957 405 1032 Quae
427 956 556 1042 quidem
579 957 685 1021 omnia
707 955 900 1021 contrarium
922 955 1044 1019 iaciunt
1068 953 1274 1032 intellectum,

324 1081 426 1143 quum
460 1057 557 1123 Urias
587 1056 753 1134 Diabolus,
778 1057 885 1122 David
916 1056 1076 1136 Christus,
1099 1055 1276 1120 Bethsabee

324 1172 526 1243 peccatorum
552 1161 622 1225 labe
648 1159 809 1238 deformis,
835 1158 968 1224 ecclesia
992 1159 1161 1243 figuretur.
1199 1158 1277 1221 Fre-

323 1283 423 1346 quens
438 1275 543 1326 tamen
558 1275 590 1326 et
608 1261 701 1348 quasi
716 1260 861 1345 regulare
879 1261 936 1347 jus
957 1272 1014 1339 est,
1031 1272 1067 1323 ut
1086 1282 1106 1322 a
1121 1257 1277 1324 similibus

324 1363 363 1427 ad
388 1363 502 1429 similia
517 1377 660 1429 recurrat
681 1362 912 1450 interpretatio.
950 1362 1068 1425 Verum
1084 1361 1165 1424 hanc
1181 1360 1277 1425 visio-

322 1486 409 1544 num,
425 1486 505 1550 quas
521 1467 610 1550 quies
630 1465 763 1539 inducit,
779 1464 964 1528 divisionem
980 1485 1037 1548 per
1052 1461 1198 1548 opposita
1212 1483 1276 1526 non

326 1563 593 1640 fiericertumest3
611 1589 710 1651 quum
722 1564 830 1629 eadem
838 1584 898 1650 pro
907 1576 997 1649 parte
1008 1562 1278 1642 sitvisi0,aliunde
1317 1600 1320 1604 Δ

324 1664 500 1744 oraculum,
526 1679 558 1730 et
584 1677 715 1752 propter
740 1686 846 1729 rerum
876 1664 996 1747 figuras
1024 1661 1123 1748 possit
1149 1663 1278 1727 somniis
1342 1750 1345 1756 ι

324 1770 502 1852 aggregari,
515 1781 547 1832 et
563 1769 726 1833 universas
741 1790 848 1833 eorum
866 1765 985 1853 species
997 1765 1190 1852 quandoque
1205 1790 1278 1830 con-

325 1869 447 1954 tingat:
480 1870 568 1956 quod
592 1883 624 1934 et
646 1870 797 1934 studiosis
819 1869 1051 1955 scripturarum
1074 1867 1203 1953 planum
1219 1884 1277 1934 est.

326 1971 414 2034 Visio
429 1971 581 2048 Africani,
596 1971 805 2056 Apocalypsis
819 1972 976 2055 Apostoli,
993 1968 1134 2033 Danielis
1148 1982 1179 2034 et
1196 1972 1279 2036 Eae·
1356 2001 1360 2008 ¹
1444 2004 1448 2012 ·

325 2072 434 2136 chielis
456 2076 602 2147 oracula;
630 2073 751 2136 somnia
770 2071 945 2135 Pharaonis
962 2084 993 2134 et
1016 2071 1151 2156 Joseph‚
1167 2095 1276 2138 eorum

326 2197 399 2259 quae
414 2173 500 2237 dicta
515 2187 590 2238 sunt
611 2174 734 2238 faciunt
750 2172 856 2236 fidem.
893 2172 1040 2236 Personis
1060 2195 1191 2258 quoque
1206 2174 1277 2260 qui-

325 2273 459 2339 busdam
484 2275 601 2338 veritas
629 2272 829 2359 frequentius
857 2269 1022 2346 illucescit,
1053 2284 1166 2358 utpote
1195 2296 1278 2337 com-

324 2378 465 2462 positum
486 2374 679 2440 habentibus
699 2376 852 2452 animum,
873 2375 952 2438 alias
973 2375 1169 2461 frequentior
1190 2399 1278 2441 error

325 2476 470 2542 involvit.
507 2480 678 2562 Augustus
695 2480 803 2543 Caesar
817 2498 919 2564 quum
935 2475 1088 2540 adversus
1103 2479 1276 2546 Antonium

323 2577 533 2644 dimicaturus
543 2598 635 2656 esset,
648 2578 840 2664 aegritudine
849 2578 939 2661 gravi
955 2578 1114 2655 laborans,
1125 2579 1158 2642 in
1169 2580 1277 2665 quiete

324 2680 510 2744 mandatum
533 2681 665 2767 accepit,
689 2693 725 2745 ut
747 2680 787 2743 ad
811 2680 975 2744 victoriam
997 2681 1203 2763 consequenti
1225 2682 1278 2746 die

324 2780 435 2869 praelio
455 2782 629 2847 interesset.
675 2781 788 2846 Paruit
806 2781 917 2866 itaque
939 2779 1051 2843 lectica
1072 2779 1224 2847 devectus
1244 2782 1277 2847 in

324 2884 486 2969 proelium,
502 2897 534 2948 et
549 2884 634 2949 vicit.
681 2886 825 2948 Socrates
840 2884 901 2947 sibi
921 2906 961 2947 ex
976 2906 1031 2946 ara
1044 2882 1189 2961 Veneris,
1205 2910 1278 2972 quae

325 2985 504 3052 Academiae
515 2999 595 3068 erat,
604 2987 685 3053 vidit
696 2986 802 3050 offerri
812 3009 953 3072 cygnum
964 2985 1079 3050 collum
1089 2988 1278 3053 inserentem

325 3089 415 3165 coelo,
432 3103 534 3155 rostro
554 3102 734 3175 tangentem
756 3089 870 3165 sidera,
886 3091 1046 3174 regionem
1068 3112 1141 3176 quae
1156 3090 1279 3175 Aplane

324 3189 451 3270 dicitur,
467 3204 696 3276 penetrantem,
713 3202 745 3254 et
764 3189 1037 3253 transcendentem
1052 3202 1200 3275 aspectus
1210 3215 1278 3255 om·

325 3292 424 3373 nium,
444 3307 476 3357 et
500 3306 589 3357 tanta
612 3293 697 3355 vocis
720 3293 892 3355 sonoritate
914 3300 947 3354 et
968 3290 1080 3354 laetitia
1101 3305 1277 3371 canentem,
1386 3285 1391 3291 ⁵

327 3409 362 3458 ut
379 3408 483 3458 totum
498 3394 652 3460 mulceret
667 3395 786 3458 orbern.
826 3393 979 3479 Sequenti
995 3393 1047 3457 die
1064 3393 1222 3458 Aristides
1236 3396 1278 3460 ab

325 3496 495 3561 Academia
515 3498 684 3582 parvulum
705 3496 807 3560 filium
825 3496 989 3560 Platonem
1006 3497 1130 3562 Socrati
1147 3496 1278 3574 obtulit,

325 3598 440 3663 litteris
465 3611 497 3661 et
526 3598 667 3663 moribus
691 3598 911 3662 imbuendum.
957 3602 1031 3673 Quo
1060 3596 1140 3679 viso,
1165 3600 1279 3663 mentis

326 3699 447 3763 viribus
473 3722 512 3761 ex
534 3700 676 3784 corporis
702 3700 908 3785 dispositione
937 3699 1109 3785 conceptis,
1133 3700 1198 3765 Hic
1220 3714 1279 3780 est,

325 3802 442 3888 inquit,
451 3823 689 3887 cygnusquem
698 3814 805 3864 nostro
814 3800 955 3884 Apollini
965 3806 1073 3866 Venus
1084 3800 1280 3865 Academica

325 3904 529 3969 consecravit.
574 3903 667 3967 Plato
693 3902 882 3982 litterarum,
909 3925 990 3987 quas
1017 3902 1279 3987 persequebatur,
1332 3908 1338 3918 ⁴

325 4030 421 4070 causa
435 4006 635 4094 proficiscens
649 4005 682 4069 in
698 4009 892 4091 AEgyptum,
904 4027 938 4069 se
953 4026 973 4067 a
986 4003 1099 4089 piratis
1109 4005 1180 4091 capi
1195 4006 1279 4070 inter

325 4108 465 4173 eundum
496 4122 527 4175 et
559 4109 734 4174 venundari
767 4107 857 4173 vidit.
911 4108 1007 4182 Quod
1037 4120 1069 4172 et
1098 4108 1176 4172 dum
1207 4108 1278 4187 iret,

327 4211 469 4294 contigit.
