3575 5575
512 838 576 897 308
773 850 910 896 scaurus
927 848 1202 895 saansnnnrnusrs
1335 829 1418 910 [nra.
1435 853 1467 897 v.

506 999 651 1088 judicem
670 1001 794 1087 populi,
813 1001 859 1066 sic
878 1011 910 1064 et
932 999 1068 1064 ministri
1088 1000 1168 1086 ejus,
1183 1011 1216 1064 et
1237 999 1341 1084 qualia
1362 1013 1467 1065 rector

343 1151 353 1160 .
461 1187 465 1194 .
512 1114 561 1167 est
574 1102 724 1179 civitatis,
740 1101 821 1167 tales
834 1115 867 1166 et
882 1101 1099 1166 inhabitantes
1113 1101 1145 1166 in
1162 1124 1209 1165 ea.
1254 1102 1319 1167 Sed
1334 1114 1366 1166 et
1383 1103 1468 1166 vires

510 1207 700 1268 necessarias
724 1227 802 1281 esse,
829 1227 892 1268 non
920 1204 1029 1281 tacuit,
1052 1204 1179 1268 dicens:
1218 1202 1295 1268 Noli
1322 1227 1467 1288 quaerere

506 1304 611 1392 judex
625 1305 705 1386 fieri,
720 1305 780 1370 nisi
800 1305 907 1371 valeas
927 1305 1048 1370 virtute
1067 1308 1245 1392 irrumpere
1264 1305 1465 1390 iniquitates,

510 1406 643 1471 neforto
651 1407 841 1473 extimescas
849 1406 961 1470 faciem
972 1407 1162 1492 potentis,et
1172 1427 1272 1492 ponas
1281 1406 1466 1474 scandalum

509 1508 544 1572 in
558 1507 701 1591 agilitate
716 1521 781 1574 tua
821 1512 898 1573 Non
913 1530 1026 1594 pecces
1041 1508 1075 1571 in
1089 1507 1298 1573 multitudine
1313 1509 1469 1586 civitatis,¹

510 1633 569 1675 nec
589 1623 622 1675 te
643 1609 796 1676 immittas
817 1610 849 1674 in
872 1613 1042 1696 populum,
1065 1632 1169 1696 neque
1191 1608 1303 1693 alliges
1323 1608 1466 1696 duplicia

509 1723 651 1799 peccam,
664 1734 722 1776 nec
735 1713 820 1776 enim
835 1711 867 1775 in
879 1735 945 1776 nno
959 1711 1021 1774 eris
1035 1711 1196 1777 immunis.
1241 1710 1317 1774 Noli
1328 1733 1395 1774 esse
1406 1721 1468 1797 pu'-

509 1814 672 1880 sillanimis
681 1814 715 1877 in
729 1814 835 1880 anima
848 1827 917 1891 tna,
929 1835 1060 1878 exorare
1070 1825 1101 1878 et
1116 1813 1219 1877 facere
1229 1812 1462 1898 eleemosynam

509 1939 572 1981 non
598 1915 762 2001 despicias.
807 1917 858 1980 Ne
883 1916 973 1981 dicas
998 1915 1031 1978 in
1059 1912 1266 1979 multitudine
1291 1936 1462 1979 munerum

509 2039 655 2081 meorum
668 2019 818 2102 respiciet
833 2021 933 2094 Deus,
946 2030 977 2082 et
993 2017 1144 2080 offerente
1159 2038 1210 2079 me
1225 2019 1296 2081 Deo
1311 2016 1466 2082 altissimo

510 2141 644 2182 munera
669 2141 741 2182 mea
766 2121 928 2205 suscipiet.
979 2120 1055 2184 Non
1088 2118 1221 2184 irrideas
1245 2119 1406 2184 hominem
1431 2121 1464 2185 in

510 2219 724 2285 amaritudine
742 2222 869 2301 animae,
882 2234 930 2287 est
948 2220 1031 2285 enim
1055 2218 1110 2307 qui
1130 2219 1277 2284 humiliat
1293 2233 1325 2284 et
1345 2221 1466 2286 exaltat

508 2322 754 2408 circumspector
785 2326 883 2390 Deus.
929 2327 983 2388 Ex
1014 2323 1065 2386 his
1094 2321 1241 2405 diligenti
1270 2321 1382 2386 lectori
1411 2347 1465 2389 oc-

509 2437 626 2503 curret,
638 2425 725 2509 quod
735 2426 883 2493 voluntas
898 2425 974 2490 boni
986 2447 1049 2488 non
1061 2424 1166 2488 minus
1176 2423 1279 2510 judici
1290 2426 1467 2490 necessaria

508 2537 567 2602 est,
592 2547 688 2611 quam
712 2528 837 2607 notitia,
859 2529 911 2590 vel
925 2538 1077 2614 potestas,
1102 2547 1202 2611 quum
1218 2546 1281 2588 non
1308 2524 1404 2590 modo
1423 2527 1465 2591 de

510 2624 587 2703 suia,
599 2624 654 2689 sed
669 2648 710 2690 ex
721 2626 831 2692 alienis
842 2627 967 2691 delictis
982 2637 1140 2706 teneatur,
1152 2638 1186 2689 et
1196 2623 1317 2710 duplici
1333 2646 1466 2690 suorum

508 2738 540 2792 et
554 2727 688 2793 aliorum
704 2742 869 2815 prematur
882 2752 989 2807 onere,
1005 2741 1042 2793 ut
1058 2728 1159 2793 necin
1175 2726 1383 2793 multitudine
1397 2750 1466 2795 mu·

507 2850 620 2893 nerum
641 2830 721 2895 citra
738 2831 927 2895 munditiam
950 2829 1125 2893 voluntatis
1147 2826 1188 2892 sit
1210 2827 1239 2891 ei
1259 2826 1377 2892 fiducia
1391 2842 1465 2894 ante

507 2932 625 2995 Deum.
671 2931 769 2995 Unde
788 2943 821 2995 et
841 2931 935 2995 Plato
950 2930 1078 3015 egregie
1093 2929 1222 3014 quidem
1238 2942 1271 2993 et
1287 2929 1464 2997 luculenter

510 3026 552 3113 (si
571 3043 676 3096 tamen
699 3033 862 3114 audiatur)
882 3056 948 3108 eos,
967 3032 1025 3119 qui
1047 3031 1088 3096 de
1113 3030 1300 3115 reipublicae
1323 3033 1467 3118 gerendo

507 3133 697 3218 magistratu
711 3135 920 3210 contendunt,
936 3138 982 3199 ita
997 3133 1080 3199 inter
1096 3156 1128 3197 se
1150 3134 1271 3196 versari
1286 3134 1410 3210 asserit,
1426 3147 1466 3200 ut

507 3237 535 3299 si
546 3248 654 3300 nautae
665 3239 726 3302 sub
737 3237 873 3301 adversa
884 3248 1073 3321 tempestate
1086 3235 1260 3311 decertent,
1270 3239 1343 3322 quis
1354 3258 1463 3301 eorum

507 3334 708 3418 potissimum
728 3337 842 3401 debeat
861 3337 1053 3421 gubernare.
1101 3336 1141 3398 In
1165 3358 1232 3420 quo
1247 3336 1386 3401 fortunae
1401 3336 1465 3399 cal-

467 3444 470 3448 ’
508 3434 592 3510 culo,
612 3448 670 3500 aut
690 3438 808 3517 nullus,
828 3452 885 3503 aut
906 3460 1009 3518 rarus,
1023 3437 1172 3523 idemque
1197 3439 1381 3502 temerarius
1402 3452 1463 3515 est,

509 3536 566 3623 qui
581 3537 648 3601 sine
663 3550 731 3603 arte
744 3551 775 3602 et
792 3538 913 3603 viribus
928 3538 1075 3604 vendicet
1091 3539 1323 3623 magistratum.
1369 3541 1414 3605 Et
1430 3540 1462 3603 in

501 3662 546 3705 eo
560 3639 691 3725 quidem
712 3651 855 3724 tempore
875 3640 955 3705 nihil
976 3640 1187 3705 miserabilius
1205 3640 1283 3720 vidi,
1298 3663 1395 3725 quam
1406 3642 1462 3725 ju-

507 3740 593 3806 dices
615 3744 754 3810 scientiae
775 3744 854 3829 legis
875 3744 1014 3830 ignaros,
1032 3745 1125 3807 bonae
1146 3742 1319 3809 voluntatis
1341 3743 1462 3823 inanes,

507 3859 587 3928 quos
601 3846 761 3911 convincit
775 3869 864 3922 amor
879 3866 1048 3911 munerum
1063 3856 1095 3908 et
1110 3844 1370 3923 retributionum,
1384 3858 1416 3909 et
1428 3845 1462 3908 id

507 3945 623 4009 virium
639 3947 726 4033 quod
746 3947 866 4012 habent
885 3947 917 4011 in
940 3944 1093 4031 obsequio
1108 3946 1263 4021 avaritiae,
1283 3944 1462 4031 jactantiae,

507 4057 563 4108 ant
584 4048 687 4111 carnis
711 4060 744 4113 et
770 4040 933 4134 sanguinis
958 4059 1152 4122 exercentes,
1175 4060 1207 4110 et
1233 4069 1252 4108 a
1278 4045 1462 4111 necessitate

506 4148 693 4212 sacramenti
713 4148 848 4231 legitimi
868 4147 1041 4212 absolutos.
1087 4148 1140 4210 Ex
1161 4168 1226 4233 quo
1247 4144 1377 4231 planum
1399 4159 1461 4223 est,

506 4247 1460 4337 principesquieiaordinariamjurisdictionemcontulerunt,

500 4348 583 4431 juris
604 4373 672 4414 esse
695 4352 824 4436 ignaros
849 4353 899 4414 vel
923 4362 1166 4435 contemptores.
1213 4348 1276 4413 Sed
1303 4348 1461 4435 quicquid

505 4460 546 4523 de
567 4452 681 4539 peritia
698 4454 781 4537 juris
803 4453 956 4529 dicamus,
978 4465 1035 4517 aut
1056 4451 1097 4515 de
1120 4451 1243 4516 viribus
1265 4450 1460 4537 exequendi,
