3575 5575
495 777 555 836 los
736 789 875 836 rosums
898 789 1174 836 sanussumsusrs
1295 773 1378 853 [uin.
1394 793 1447 840 111.

492 951 579 1004 retur
601 940 634 1004 in
649 940 803 1006 universis
824 951 857 1006 ct
879 939 1020 1025 singulis.
1067 939 1122 1004 Sic
1144 950 1179 1004 et
1201 940 1292 1006 Deus
1306 943 1447 1009 animam

491 1043 631 1128 perfecte
657 1043 828 1126 viventem,
857 1055 958 1108 totam
987 1053 1132 1128 occupat,
1163 1053 1265 1109 totam
1295 1046 1445 1132 possidet,

491 1159 604 1231 regnat
618 1159 651 1211 et
673 1147 759 1232 viget
780 1147 812 1210 in
836 1156 911 1211 tota.
957 1145 1076 1212 Nullus
1091 1145 1121 1209 ei
1136 1147 1273 1230 angulus
1295 1162 1448 1235 exceptus

491 1263 549 1317 est.
594 1250 659 1317 Sed
679 1249 758 1338 quid
779 1250 812 1314 in
836 1250 943 1315 anima
965 1249 1118 1333 angulum
1138 1249 1187 1314 vel
1205 1262 1330 1335 partem
1352 1252 1449 1318 dico?

494 1351 638 1416 Partium
660 1374 772 1439 expers
802 1363 861 1442 est,
884 1351 1098 1438 simplicisque
1128 1362 1265 1430 naturae,
1289 1364 1323 1417 et
1351 1355 1448 1419 totius

491 1453 684 1540 duplicitatis
706 1453 826 1540 ignara.
842 1479 848 1492 ·
873 1455 984 1519 Partes
998 1468 1106 1519 tamen
1126 1477 1207 1541 quas
1222 1456 1337 1542 potuit,
1352 1457 1412 1521 sibi
1428 1478 1447 1523 a

490 1553 694 1621 distributore
710 1558 866 1622 bonorum
882 1556 1072 1621 vendicavit.
1101 1556 1216 1632 Quas?
1236 1557 1352 1645 inquis.
1375 1560 1448 1624 Vu-

491 1669 576 1724 tutes
598 1659 719 1746 utique,
743 1659 859 1746 quibus
881 1658 969 1743 viget
984 1670 1017 1724 et
1038 1671 1199 1745 operatur,
1214 1671 1247 1724 et
1260 1660 1309 1725 sui
1324 1663 1450 1748 experi-

491 1775 637 1827 mentum
655 1763 742 1830 facit.
774 1763 808 1828 Si
824 1785 887 1827 non
904 1786 980 1848 ergo
995 1763 1232 1849 multiplicitate
1248 1764 1398 1849 partium,
1414 1777 1448 1830 et

491 1865 677 1950 quantitatis
692 1865 831 1952 quadam
847 1865 1040 1930 distensione
1056 1866 1180 1944 erescit,
1198 1867 1320 1931 ratione
1335 1879 1444 1933 tamen

492 1980 526 2031 et
545 1967 722 2044 intellectu,
738 1968 883 2054 appetitu
904 1968 991 2050 boui,
1006 1969 1169 2034 aversione
1185 1968 1273 2049 mali,
1295 1984 1447 2038 manente

492 2068 702 2156 simplicitatis
733 2082 845 2136 natura
873 2070 1035 2135 dilatatur.
1091 2071 1202 2147 Quum
1236 2096 1324 2137 vero.
1342 2085 1447 2159 partes
1512 2135 1515 2138 .

491 2170 566 2236 istas
588 2171 715 2257 spiritus
735 2171 848 2258 implet
873 2171 979 2256 (Deus
1001 2171 1087 2236 enim
1111 2173 1238 2258 spiritus
1260 2179 1323 2259 est)
1347 2175 1447 2239 solida

491 2285 524 2338 et
544 2275 686 2360 perfecta
705 2286 753 2340 est
767 2275 832 2340 vita
855 2275 982 2339 animae.
1029 2275 1139 2351 Quum
1155 2275 1242 2340 euim
1266 2276 1447 2343 intellectus

491 2377 610 2453 Deum,
636 2378 691 2465 qui
718 2400 842 2443 summe
871 2378 975 2442 bonus
1004 2389 1063 2454 est,
1094 2377 1178 2442 visus
1207 2378 1255 2442 sui
1285 2380 1443 2458 acumine,

491 2494 647 2568 quantum
670 2480 754 2546 valet
776 2492 810 2546 et
830 2479 907 2546 licet
929 2481 1153 2567 apprehendit,
1168 2492 1201 2547 et
1220 2482 1340 2547 bonum
1360 2483 1445 2570 quod

490 2582 545 2648 ille
574 2584 672 2667 videt,
693 2585 876 2671 incorrupta
907 2583 1053 2649 voluntas
1082 2584 1216 2671 appetit,
1244 2587 1379 2650 stratio
1402 2610 1442 2651 ne

489 2686 629 2752 declinet
650 2687 691 2753 ad
709 2688 873 2752 dexteram
892 2684 943 2750 vel
967 2685 1137 2767 sinistram,
1152 2686 1208 2772 qui
1230 2709 1306 2751 sano
1328 2687 1444 2752 affectu

488 2791 529 2856 ad
544 2792 664 2857 bonum
675 2792 820 2867 trahitur,
840 2790 922 2855 viam
935 2790 1048 2875 aperit,
1059 2791 1129 2875 jam
1141 2792 1303 2877 quandam
1314 2791 1446 2855 immor·

490 2894 620 2960 talitatis
634 2904 805 2982 assequuta
819 2906 867 2960 est
881 2893 1027 2978 gloriam.
1073 2893 1169 2969 Quod
1190 2894 1270 2958 forte
1289 2893 1358 2978 jam
1374 2917 1446 2959 sen·

489 2994 600 3077 tiebat,
613 2996 669 3083 qui
684 2997 717 3060 in
733 2997 887 3061 suavitate
904 2995 1108 3061 conscientiae
1124 3018 1191 3062 suae
1206 2997 1353 3061 dicebat:
1380 2999 1445 3062 Cor

491 3120 610 3181 meum,
633 3109 666 3162 et
688 3120 760 3163 caro
783 3120 855 3163 mea
883 3098 1108 3163 exultaverunt
1126 3099 1163 3163 'in
1186 3099 1295 3163 Deum
1326 3101 1445 3165 vivum.

496 3200 617 3289 Utique
633 3201 689 3289 qui
703 3202 765 3267 hac
779 3201 829 3266 via
842 3202 965 3268 incedit
980 3224 1043 3266 non
1060 3212 1166 3287 sperat
1181 3214 1237 3267 aut
1256 3204 1446 3282 extimescit,

489 3325 553 3368 non
577 3305 780 3370 contristatur
804 3316 860 3369 aut
886 3304 1036 3369 condolet
1057 3304 1153 3368 alicui
1175 3327 1298 3382 corum,
1325 3328 1399 3391 quae
1426 3330 1446 3369 a

490 3426 616 3471 summo
636 3418 670 3471 et
688 3430 763 3472 vero
784 3408 868 3472 bono
891 3408 1071 3473 recedendo
1086 3405 1251 3471 deficiunt.
1297 3406 1342 3471 Et
1363 3409 1445 3473 forte

489 3504 601 3573 lideles
630 3508 752 3573 animas
781 3509 894 3574 invitat
931 3531 1035 3575 sermo
1064 3507 1279 3594 propheticus,
1316 3509 1443 3573 dicens:

492 3609 724 3674 Convertimini
745 3610 852 3675 adme
875 3611 909 3675 in
931 3609 1110 3675 totocorde
1133 3620 1247 3688 vestro,
1271 3621 1308 3675 ut
1322 3611 1444 3679 scilicet

489 3713 622 3798 augelus
643 3713 751 3799 gaudii
782 3725 838 3778 aut
859 3714 1014 3790 moeroris,
1044 3711 1167 3777 timoris
1192 3725 1249 3777 aut
1271 3714 1350 3799 spei,
1380 3736 1444 3777 non

487 3827 648 3880 avertatur
663 3839 681 3879 a
693 3814 773 3880 facis
789 3838 871 3893 mea,
885 3826 917 3879 et
932 3836 1015 3878 meae
1027 3836 1090 3879 non
1100 3814 1266 3901 displiceat
1277 3814 1443 3880 voluntati.

490 3917 610 4003 Implet
629 3930 738 3983 antem
758 3920 828 3983 haec
843 3918 908 3984 vita
925 3941 1054 3982 omnem
1078 3928 1267 3995 creaturam,
1283 3917 1359 4003 quia
1373 3917 1442 3983 sine

488 4040 527 4082 ea
542 4019 630 4083 nulla
644 4031 694 4083 est
708 4020 884 4085 substantia
907 4031 1072 4085 creaturae.
1118 4021 1225 4085 Omne
1249 4020 1335 4084 enim
1356 4020 1443 4107 quod
1496 4069 1505 4083 „

489 4132 548 4198 est,
568 4120 637 4206 ejus
658 4122 900 4208 participatione
920 4134 969 4187 est
990 4123 1022 4187 id
1045 4123 1130 4209 quod
1150 4137 1209 4189 est.
1257 4123 1321 4187 Sed
1342 4145 1443 4209 quum

488 4225 575 4289 sitin
596 4224 745 4288 omnibus
760 4246 817 4310 per
839 4236 998 4307 naturam,
1024 4226 1090 4289 sola
1105 4226 1272 4290 rationalia
1286 4226 1445 4291 inhabitat

488 4351 545 4415 per
573 4328 718 4413 gratiam.
781 4328 863 4392 Sunt
892 4350 981 4413 ergo,
1006 4328 1083 4414 quia
1105 4328 1138 4392 in
1169 4329 1215 4393 eis
1240 4328 1355 4392 veritas
1385 4341 1441 4394 est.

489 4431 702 4509 illustrantur,
730 4430 806 4516 quia
831 4430 863 4495 in
889 4430 935 4495 eis
957 4429 1113 4516 sapientia
1141 4440 1199 4497 est.
1248 4430 1377 4495 Bonum
1395 4435 1442 4498 di-
