3575 5575
496 785 560 845 268
758 801 893 847 ronnurs
910 800 1186 847 sinaeusnrsusrs
1320 782 1401 867 [mn.
1418 804 1446 850 v.

496 951 633 1030 nomine,
658 952 701 1015 sic
728 956 815 1017 Deus
841 975 949 1016 omnes
974 950 1108 1036 replebit
1134 952 1261 1029 electos,
1289 966 1335 1031 ut,
1361 956 1447 1018 omni

496 1053 680 1119 infirmitate
703 1068 734 1120 et
760 1055 973 1120 mutabilitate
997 1055 1158 1140 absorpta,
1186 1079 1284 1142 quum
1313 1059 1447 1122 mortale

496 1155 776 1234 immortalitatem,
804 1172 836 1222 et
864 1157 1084 1241 corruptibile,
1110 1157 1446 1244 incorruptibilitatem

497 1254 649 1332 induerit,
662 1257 752 1320 Deus
765 1257 831 1321 iere
847 1257 934 1322 solus
949 1259 981 1320 in
997 1258 1144 1322 omnibus
1155 1271 1355 1343 agnoscatur.
1394 1260 1446 1325 Ad

496 1357 578 1423 banc
602 1359 744 1423 nonnulli
767 1359 954 1423 sententiam
970 1360 1124 1436 referunt,
1140 1359 1228 1444 quod
1252 1359 1356 1443 angeli
1377 1360 1446 1444 jam

497 1458 618 1524 futurae
647 1458 854 1524 beatitudinis
885 1458 1066 1544 participes,
1095 1457 1156 1523 visi
1190 1459 1231 1522 ab
1265 1459 1447 1524 bominibus

496 1558 681 1635 adorantur,
697 1582 734 1624 eo
749 1557 838 1645 quod
852 1561 885 1623 in
901 1558 945 1623 eis
960 1559 1027 1622 visa
1041 1572 1087 1624 est
1109 1559 1257 1644 quaedam
1280 1560 1448 1644 praeseutia

497 1659 635 1737 deitatis,
661 1683 763 1746 quum
786 1674 891 1725 tamen
914 1673 1090 1724 creaturam
1115 1682 1134 1722 a
1155 1673 1301 1724 creatura
1321 1659 1448 1724 adorari

496 1761 626 1824 omuino
640 1784 702 1825 non
719 1761 820 1827 liceat.
866 1761 919 1827 Sic
933 1761 1029 1826 etiarn
1052 1761 1085 1825 in
1102 1760 1182 1824 facie
1205 1759 1377 1826 Salvatoris
1392 1761 1448 1826 ali·

496 1863 578 1947 quid
599 1863 727 1929 deitatis
749 1863 957 1950 resplenduit,
975 1863 1105 1950 quando
1127 1862 1168 1926 de
1189 1859 1341 1928 funiculis
1362 1863 1448 1928 sacto

497 1962 634 2048 flagello,
647 1963 819 2030 vendentes
829 1979 860 2030 et
876 1977 1015 2030 ementes
1030 1965 1122 2050 ejecit
1135 1965 1176 2029 de
1191 1965 1320 2049 templo,
1332 1964 1448 2028 docens

496 2085 621 2127 omnem
646 2064 892 2146 negotiationem
916 2065 1188 2130 exterminandam
1215 2088 1283 2130 esse
1307 2088 1327 2128 a
1343 2064 1447 2152 domo

496 2163 657 2228 orationis.
704 2165 744 2228 In
770 2166 839 2230 aliis
865 2190 941 2230 vero
965 2167 1024 2232 etsi
1054 2167 1136 2232 adsit
1163 2166 1340 2233 divinitatis
1364 2189 1446 2253 prae·

497 2267 609 2346 sentia,
623 2267 790 2353 plenitudo
811 2271 879 2355 ejus
893 2270 926 2333 in
949 2270 1097 2356 prasenti
1121 2291 1323 2355 nequaquam
1346 2269 1447 2349 adest,

498 2369 553 2433 sed
580 2392 811 2457 usquequaque
836 2371 933 2436 latere
958 2393 1022 2435 nou
1049 2383 1163 2455 potest
1210 2372 1271 2436 Est
1292 2371 1393 2452 igitur
1413 2370 1446 2433 in

496 2472 662 2556 majestate
683 2471 846 2550 mirabilis,
867 2473 1054 2538 venerabilis
1077 2473 1108 2536 in
1131 2473 1295 2558 sapientia,
1318 2495 1337 2536 a
1359 2471 1446 2535 boni-

497 2584 564 2638 tate
585 2571 738 2647 amabilis,
761 2584 794 2636 et
816 2572 902 2638 hunc
926 2574 1047 2639 cultum
1073 2575 1153 2639 citra
1177 2567 1300 2638 bmnem
1327 2571 1445 2636 medie-

497 2684 596 2737 tatem
623 2685 727 2761 potest
756 2673 787 2737 ei
815 2673 919 2738 fidelis
947 2673 1130 2759 impendere
1154 2690 1309 2740 creatura.
1358 2671 1444 2749 Quid

496 2773 580 2838 enim
596 2797 720 2839 necesse
734 2785 782 2839 est
797 2774 838 2840 ad
854 2773 914 2839 hoc
926 2787 961 2839 ut
974 2798 1046 2838 eum
1059 2774 1238 2851 timeamus,
1252 2796 1447 2852 veneremur,

496 2887 528 2939 et
544 2874 738 2959 diligamus?
768 2878 815 2942 Et
830 2876 882 2941 hic
896 2862 979 2941 forte
994 2890 1041 2941 est
1056 2876 1219 2941 funiculus
1234 2876 1351 2961 triplex
1366 2876 1447 2940 inter

496 2988 667 3040 creatorem
691 2990 723 3042 et
746 2993 936 3055 creaturam,
952 2982 1008 3063 qui
1031 2977 1121 3043 facile
1143 2977 1222 3043 solvi
1244 3000 1307 3041 uon
1330 2988 1448 3063 potest.

500 3078 563 3143 Sed
593 3082 734 3147 omnium
764 3083 963 3147 tenacissima
990 3095 1038 3147 est
1069 3085 1116 3147 vis
1144 3083 1270 3146 amoris.
1323 3084 1447 3147 Caritas

498 3181 664 3266 siquidem·
685 3206 849 3269 uunquam
879 3183 1009 3263 excidit,
1038 3206 1112 3272 quoe
1142 3185 1167 3247 si
1196 3184 1269 3270 quis
1304 3181 1447 3248 adhaeret

496 3283 578 3362 Deo,
593 3284 703 3350 unitur
717 3287 756 3366 ei,
771 3298 803 3350 et
818 3308 889 3349 cum
907 3309 944 3348 eo
961 3308 1044 3350 unus
1066 3285 1196 3371 spiritus
1218 3298 1275 3349 est.
1320 3284 1446 3369 Utique

494 3384 551 3468 qui
567 3384 677 3449 unitur
690 3391 732 3460 ei,
744 3399 777 3451 et
792 3390 874 3451 sicut
892 3410 974 3451 unus
990 3388 1132 3472 spiritua,
1148 3387 1192 3449 sic
1207 3384 1370 3449 familiaris
1384 3397 1445 3460 est,

495 3485 589 3550 stab
611 3486 765 3571 obsequio
787 3488 857 3573 ejus
881 3489 1042 3575 quodest
1066 3490 1099 3553 in
1123 3487 1247 3574 spiritu,
1261 3486 1361 3550 arceri
1383 3508 1445 3549 non

495 3599 608 3673 potest.
659 3588 719 3652 Ille
742 3601 849 3654 autem
874 3590 990 3669 cultus,
1014 3590 1127 3676 quiin
1152 3589 1316 3654 exterioris
1340 3586 1444 3673 operis

494 3688 689 3755 exhibitione
712 3692 866 3767 consistit,
881 3692 987 3756 medio
1006 3693 1141 3777 indiget,
1156 3715 1194 3755 eo
1217 3690 1303 3777 quod
1319 3688 1359 3753 ad
1382 3691 1445 3773 spi-

384 3856 390 3861 .
494 3792 602 3873 ritum,
616 3793 788 3878 corporalis
802 3794 894 3857 nobis
909 3816 971 3857 non
997 3806 1085 3879 patet
1109 3815 1270 3858 accessus:
1301 3789 1389 3877 qnod
1413 3800 1444 3851 et

494 3891 585 3958 illum
600 3894 732 3979 planum
746 3908 794 3960 est
810 3894 967 3970 docuisse,
982 3895 1039 3979 qui
1059 3896 1092 3958 in
1116 3894 1312 3959 Samaritana
1334 3890 1445 3956 Eccle-

494 3991 573 4057 siam
598 3994 767 4075 instrnens,
789 3996 850 4061 ait:
892 3998 1031 4082 Spiritus
1056 4009 1104 4060 est
1130 4000 1231 4073 Deus,
1253 4008 1285 4059 et
1309 4016 1362 4056 eos
1387 3992 1444 4077 qui

493 4092 606 4156 volunt
620 4094 762 4172 adorare,
777 4096 810 4159 iu
826 4099 941 4183 spiritu
956 4111 988 4164 et
1004 4098 1136 4162 veritate
1151 4109 1277 4182 oportet
1301 4094 1443 4158 adorare.

495 4195 544 4260 Ut
560 4206 664 4259 tamen
678 4196 718 4259 ad
739 4196 889 4263 thronum
905 4199 991 4263 illins
1014 4222 1206 4286 quocunque
1229 4197 1324 4261 modo
1339 4194 1444 4260 humi·

492 4296 722 4362 litatis'nostrae
737 4299 927 4364 conscendat
937 4300 1117 4373 infirmitas,
1131 4311 1163 4362 et
1175 4298 1314 4383 aliquam
1327 4296 1443 4360 babeat

494 4400 656 4466 materiam
673 4401 869 4480 meritorum,
886 4400 1072 4465 sensualiter
1092 4400 1153 4464 coli
1171 4399 1282 4479 voluit,
1298 4398 1352 4482 qui
1377 4418 1445 4461 sen-
