3575 5575
962 273 1261 419 &mapsa
1349 364 1401 383 ‘—

337 736 407 783 car.
424 718 500 799 vm]
699 734 955 781 Ponrcasrrcus.
1245 718 1285 777 41

338 911 370 951 se
385 888 462 953 satis
476 886 648 967 insaniunt,
663 886 724 951 nisi
742 884 936 950 carminibus
949 882 1148 948 excitentur?
1171 886 1287 947 Nonne

335 988 422 1053 istud
448 988 554 1074 arguit
583 987 753 1065 Dominus,
774 986 900 1051 diceus:
933 987 990 1051 Voe
1012 982 1068 1071 qui
1093 985 1286 1071 consurgitis

334 1108 426 1151 mane
446 1088 486 1153 ad
507 1086 690 1153 ebrietatem
715 1086 908 1165 sectandam,
931 1099 964 1151 et
985 1084 1161 1173 potandum
1183 1108 1287 1171 usque

335 1187 376 1253 ad
400 1211 573 1274 vesperam,
590 1202 627 1255 ut
647 1192 719 1255 vino
737 1189 887 1255 aestuetis.
926 1187 1079 1275 cythara,
1101 1198 1135 1252 et
1156 1186 1237 1273 lyra,
1252 1198 1286 1253 et

335 1301 537 1377 tympanum,
551 1305 583 1357 et
600 1293 690 1369 tibia,
706 1305 738 1356 et
753 1288 861 1355 vinum
877 1292 912 1355 in
926 1288 1079 1354 conviviis
1094 1290 1225 1365 vestris;
1252 1302 1285 1355 et

333 1413 415 1477 opus
425 1393 557 1457 Domini
569 1415 631 1457 non
644 1393 812 1479 respicitis,
824 1404 856 1458 et
868 1415 966 1478 opem
977 1413 1128 1455 manuum
1140 1392 1211 1477 ejus
1220 1413 1283 1457 non

333 1495 550 1561 consideratis.
589 1494 675 1569 Quid
699 1495 785 1580 quod
810 1517 868 1558 rex
891 1493 1068 1581 Babylonis
1087 1515 1149 1557 non
1169 1493 1229 1557 nisi
1249 1494 1283 1557 in

333 1596 481 1659 convivio
510 1595 588 1659 vidit
620 1618 748 1660 manum
779 1596 945 1660 scribentis
973 1595 1005 1657 in
1032 1596 1152 1679 pariete
1177 1615 1283 1673 usuc,

332 1716 480 1776 rannac,
501 1716 642 1773 Pusam,
658 1720 724 1784 quo
744 1720 878 1783 regnum
898 1697 1144 1773 dinumeratum,
1163 1718 1283 1782 appen-

334 1820 406 1863 sum
418 1797 631 1866 denunciatur
641 1812 673 1864 et
686 1798 813 1865 scissum
825 1800 836 1863 ,Ρ
861 1797 981 1861 Divino
990 1796 1146 1883 siquidem
1158 1796 1282 1882 judicio

331 1899 512 1985 principatu
543 1901 711 1986 judicatur
746 1899 911 1983 indignus,
940 1898 998 1983 qui
1033 1920 1111 1963 vasa
1139 1899 1280 1977 Domini,

330 2001 470 2066 humana
490 2000 636 2066 videlicet
656 2023 799 2087 corpora,
813 2000 846 2063 in
861 2022 953 2063 vanoe
973 1998 1149 2084 voluptatis
1162 1999 1282 2084 gaudia

329 2104 471 2189 exponit,
488 2116 520 2170 et
536 2104 642 2190 sponsi
658 2103 834 2169 thalamum
850 2100 981 2188 maligni
997 2101 1129 2187 spiritua
1143 2100 1281 2165 immun.

329 2203 420 2269 diciis
434 2205 545 2292 aperit.

431 2335 545 2391 (lentum
555 2337 696 2391 luminibus
708 2338 820 2391 cinctum
832 2342 910 2409 caput
921 2337 1010 2406 Argus
1021 2338 1148 2391 babebatt

327 2480 401 2541 quae
421 2457 526 2520 omnia
549 2460 644 2521 unius
666 2456 781 2523 listulae
804 2455 980 2543 voluptate,
999 2479 1060 2520 nou
1085 2470 1150 2521 tam
1173 2457 1277 2541 sopita

301 2562 304 2565 ’
327 2570 413 2632 suut,
429 2580 526 2644 quam
542 2558 692 2623 extincta.
731 2556 785 2621 Tu
801 2558 874 2643 quis
888 2580 932 2637 ea,
947 2558 1005 2642 qui
1023 2571 1055 2622 te
1070 2559 1277 2643 circumspec-

326 2662 437 2723 tiorem
453 2681 519 2723 esse
535 2659 689 2722 confidis?

373 2955 454 3038 Cap.
472 2953 501 3020 7.
524 2953 577 3016 De
591 2954 856 3018 dissimilitudine
870 2953 1016 3034 Augusti
1028 2960 1060 3018 et
1074 2955 1224 3020 Neronia.

366 3109 526 3171 Aucusro
548 3107 786 3191 tympanizante
809 3105 840 3168 in
862 3128 961 3187 caena,
976 3130 995 3170 a
1010 3105 1150 3192 quodam
1173 3107 1274 3172 milite

322 3207 473 3292 probrose
495 3206 617 3271 dictum
642 3215 706 3271 est:
746 3206 899 3272 Vides-ne
928 3221 965 3273 ut
993 3208 1135 3273 cinaedus
1164 3209 1273 3272 orbem

322 3308 425 3394 digito
450 3313 628 3395 temperet?
661 3309 763 3394 Cujus
788 3308 840 3372 ille
863 3309 951 3373 verbi
975 3329 1142 3394 percussus
1159 3309 1273 3373 amari-

246 3467 248 3472 .
323 3411 444 3484 tudine,
461 3434 505 3488 os,
522 3433 646 3487 manus,
661 3424 692 3475 et
708 3410 849 3474 animum
865 3408 896 3473 in
913 3433 1015 3475 aevum
1032 3411 1074 3474 ab
1089 3411 1272 3498 hujusmodi

320 3510 450 3574 levitate
465 3511 649 3597 suspendit;
678 3513 856 3598 habuitque
872 3535 995 3598 semper
1008 3513 1143 3597 gratiam
1159 3536 1273 3598 expro-

321 3610 438 3676 branti.
477 3611 540 3674 Sed
557 3613 651 3696 longe
667 3635 756 3677 secus
772 3617 870 3693 Nero,
885 3635 949 3676 uon
964 3613 1201 3696 imperatorum,
1216 3615 1271 3678 sed

320 3710 485 3774 bominum
502 3710 704 3791 loedissimus,
716 3712 772 3796 qui
789 3710 868 3776 adeo
883 3712 1035 3777 scribitur
1046 3725 1161 3799 captus
1174 3717 1272 3777 amoe-

320 3810 420 3875 nitate
435 3810 532 3888 vocis,
548 3823 585 3874 ut
605 3831 669 3873 non
692 3809 785 3874 modo
799 3810 903 3893 pomis
923 3811 1064 3896 cibisque
1081 3811 1270 3879 nocentibus
1348 3867 1351 3876 .

319 3909 503 3988 abstineret,
515 3910 569 3972 sed
581 3909 651 3996 ejus
661 3908 765 3992 gratia
775 3909 1009 3987 conservandae,
1019 3909 1178 3997 frequenti
1189 3911 1270 3998 clys-

319 4012 399 4076 terio
415 4012 601 4099 vomituque
621 4023 823 4098 purgaretur,
840 4011 1089 4099 plumbeamque
1107 4015 1269 4081 cartellam

320 4116 433 4199 supino
448 4129 568 4193 ventre,
580 4114 730 4179 mandato
742 4115 957 4200 physicorum,
969 4117 1086 4202 saepius
1099 4130 1131 4181 et
1146 4116 1269 4182 diutius

319 4214 496 4280 sustineret.
542 4216 630 4282 Adeo
653 4239 726 4279 vero
742 4217 961 4282 delectabatur
981 4220 1014 4281 in
1029 4230 1137 4295 cantu,
1153 4230 1189 4282 ut
1211 4241 1267 4280 nec

319 4313 454 4392 theatro,
470 4329 563 4380 terrae
586 4330 674 4380 motu
699 4339 859 4392 concusso,
876 4339 977 4402 quum
1002 4316 1094 4380 semel
1116 4330 1265 4401 coeperat,
