3575 5575
336 833 406 878 cle.
421 813 505 892 xva]
678 827 931 874 maronarrcus.
1224 805 1284 866 881

338 985 507 1062 nocentiae,
530 994 563 1047 et
579 981 685 1045 inanis
701 980 848 1066 justitiae,
871 977 1089 1043 testimonium
1112 973 1288 1060 perhibere,

338 1086 493 1168 populum
518 1083 675 1164 religione
698 1080 872 1165 juramenti
899 1079 941 1143 ad
965 1079 1194 1162 professionem
1226 1075 1290 1138 veri

339 1200 444 1250 tamen
460 1185 647 1252 aromndum
659 1182 794 1260 censuit,
806 1180 933 1247 dicens:
957 1181 1064 1245 Testis
1073 1191 1122 1243 est
1133 1177 1290 1242 Dominus

340 1288 491 1352 adversus
505 1309 572 1365 vos,
588 1300 620 1350 et
638 1285 727 1350 testis
748 1285 895 1348 Christus
917 1282 985 1367 ejus
1005 1284 1038 1345 in
1060 1282 1112 1345 die
1130 1281 1202 1357 hae,
1217 1278 1292 1360 quia

340 1411 406 1452 uon
431 1389 615 1452 inveneritis
641 1389 674 1450 in
701 1407 797 1448 mauu
823 1407 897 1448 mea
917 1384 1092 1467 quippiam.
1137 1384 1183 1445 Et
1207 1379 1294 1444 dixit

341 1493 501 1573 populus:
539 1488 654 1553 Testis.
709 1488 757 1550 Ac
788 1487 816 1549 si
849 1485 947 1549 fidem
977 1487 1050 1547 Deo
1080 1493 1112 1547 et
1141 1481 1208 1564 regi
1234 1502 1292 1546 suo

343 1589 496 1667 debitam,
532 1587 688 1668 religiosor
725 1584 945 1650 affirmationis
981 1584 1127 1647 obsidem
1162 1583 1293 1645 faciant.

343 1687 439 1760 Quod
455 1698 559 1751 autem
574 1687 773 1749 esculentum
794 1694 827 1747 et
847 1686 1055 1768 poculentum
1069 1682 1239 1766 acceperit,
1254 1681 1294 1744 de

343 1790 499 1873 scriptura
513 1800 636 1852 certum
651 1810 716 1851 non
731 1789 844 1851 habeo.
884 1787 939 1851 Sic
955 1788 1038 1850 enim
1058 1787 1210 1868 scriptum
1226 1793 1292 1846 est:

343 1891 363 1953 J
366 1889 519 1954 udicabat
537 1910 664 1973 quoque
680 1888 808 1953 Samuel
831 1891 932 1952 Israel
948 1887 1074 1950 cunctis
1095 1881 1295 1948 diebusvitae

344 2012 423 2069 suae,
443 2004 476 2055 et
497 1992 565 2054 ibat
587 2009 645 2073 per
665 1989 810 2070 singulos
831 2011 933 2052 annos
956 1987 1149 2051 circumiens
1169 1982 1296 2059 Bethel‚

345 2101 378 2154 et
413 2093 559 2174 Galgala‚
601 2102 635 2154 et
671 2093 835 2172 Maspbat,
873 2101 907 2153 et
935 2089 1107 2174 judicabat
1142 2086 1294 2150 Israelem

344 2194 379 2255 in
408 2193 601 2277 supradictis
629 2192 721 2270 locis,
749 2193 1026 2274 revertebaturque
1061 2191 1096 2253 in
1127 2186 1294 2254 Ramatha.

345 2295 399 2359 Ibi
422 2297 506 2359 enim
530 2305 597 2359 erat
622 2295 738 2358 domus
767 2294 846 2377 ejus,
871 2305 903 2355 et
925 2293 970 2355 ibi
988 2291 1159 2375 judicabat
1186 2290 1296 2354 Israel.

347 2399 433 2471 Quid
449 2398 538 2462 aliud
551 2397 675 2460 uidetur
690 2417 801 2460 sonare
815 2397 919 2474 litera,
930 2395 992 2456 nisi
1004 2394 1092 2478 quod
1101 2394 1298 2477 provinciam

346 2521 390 2562 ex
405 2499 512 2563 officio
528 2498 694 2576 circuibat,
708 2497 750 2560 ad
770 2497 989 2579 expletionem
1006 2495 1135 2581 judicii,
1152 2506 1183 2558 et
1197 2513 1299 2558 rever·

347 2601 473 2664 tebatur
487 2599 630 2676 domum,
641 2608 677 2661 ut
688 2598 729 2662 de
744 2599 875 2682 proprio
890 2598 1089 2662 satisfaceret
1099 2593 1297 2663 necessitati?

347 2699 533 2763 AEdificavit
548 2699 643 2762 etiam
663 2699 708 2762 ibi
725 2701 823 2762 altare
838 2697 990 2760 Domino.
1035 2698 1136 2761 Recte
1156 2696 1301 2781 quidem,

348 2821 387 2863 eo
409 2801 497 2883 quod
511 2800 591 2884 juge
611 2799 805 2864 sacrificium
824 2820 894 2862 esse
915 2808 1059 2882 oporteat
1079 2800 1112 2861 in
1133 2799 1229 2864 domo
1248 2801 1300 2884 ju-

350 2900 442 2979 dicis,
458 2924 530 2985 quae
545 2902 635 2965 cultu
642 2901 788 2985 justitiae,
803 2909 835 2963 et
850 2921 972 2962 morum
987 2900 1166 2978 honestate,
1181 2913 1214 2966 et
1227 2903 1301 2966 luce

350 3003 506 3065 bonorum
536 3024 679 3085 operum,
710 3002 849 3084 seipsam
879 3002 1011 3065 exhibet
1041 3004 1195 3085 templum
1225 3003 1300 3067 Dei.

351 3103 419 3165 Ubi
441 3103 556 3167 amodo
578 3125 645 3168 non
666 3104 846 3166 immolatur
867 3103 997 3185 sanguis
1019 3104 1179 3167 hircorum
1202 3115 1234 3169 et
1256 3106 1303 3169 vi·
1360 3096 1364 3102 ¹

349 3204 498 3281 tulomm,
521 3224 581 3266 nec
609 3203 692 3267 cinis
720 3203 824 3266 vitulae
848 3202 1031 3283 inquinatos
1057 3204 1238 3267 sanctificat
1261 3204 1304 3269 ad

350 3303 610 3367 emundationem
633 3305 748 3382 carnis,
769 3304 827 3367 sed
851 3324 909 3385 per
932 3303 1117 3387 pontificem
1140 3326 1302 3388 magnum,

351 3406 407 3489 qui
427 3406 604 3488 penetravit
626 3408 737 3481 ooelos,
759 3408 872 3471 Jesum
894 3404 996 3469 filium
1020 3406 1095 3484 Dei,
1116 3408 1235 3491 ubique
1255 3410 1303 3471 lo-

352 3528 462 3569 corum
477 3508 581 3570 offerri
596 3507 694 3572 debet

454 3618 638 3691 §ompositum
644 3623 689 3693 jus
700 3620 792 3690 fasque
804 3622 892 3688 animi,
905 3621 1037 3691 sanctique
1048 3638 1165 3675 recessus

459 3704 570 3771 Mentis,
582 3710 610 3757 et
620 3707 748 3759 incoctum
759 3723 885 3774 generoso
896 3712 985 3777 peetus
996 3706 1114 3760 honesta

352 3816 430 3880 Veri
444 3817 605 3898 siquidem
621 3819 812 3898 adoratores,
827 3821 874 3883 sic
890 3818 1023 3883 adorant
1042 3829 1165 3903 patrem
1180 3823 1214 3885 in
1241 3826 1306 3909 spi·

352 3919 416 3981 ritu
430 3929 463 3983 et
477 3918 616 3983 veritate.
662 3921 755 3983 Anne
770 3920 874 3984 credis
900 3941 972 3983 eum
995 3920 1159 4004 accepisse
1184 3926 1306 4008 aliquid

352 4017 484 4081 nomine
500 4018 735 4100 sportularum?
780 4019 857 4081 Hoc
873 4018 960 4081 enim
975 4026 1135 4101 praetextu
1160 4034 1307 4089 nontam

348 4115 476 4200 judices
502 4137 597 4200 quam
624 4116 822 4201 judiciorum
847 4136 1020 4200 caupones,
1045 4118 1101 4203 qui
1132 4125 1308 4207 nequitiam

355 4236 445 4278 suam
473 4218 610 4282 honesta
640 4220 752 4283 volunt
779 4219 912 4302 palliare
941 4220 1080 4300 licentia,
1109 4224 1309 4307 iniquitatem

355 4335 445 4384 suam
470 4318 612 4382 colorare
645 4318 800 4395 nituntur,
833 4329 1012 4401 quaerentes
1047 4318 1170 4384 scilicet
1200 4325 1309 4407 aliqua

356 4416 572 4481 emolumenta
596 4419 806 4499 negotiorum,
841 4439 976 4502 quorum
1002 4440 1060 4502 pro
1094 4431 1185 4503 parte
1213 4445 1310 4492 onera
