3575 5575
531 801 595 862 340
674 817 810 862 JOANNIS
826 815 1107 862 saansssmausm
1123 813 1380 860 Posrcaarlcus.

533 969 575 1034 ad
590 971 705 1034 ostium
722 970 930 1035 contemtoris
945 968 1101 1033 studiosiu
1110 968 1266 1051 spulsant.
1299 963 1395 1038 Quod
1408 966 1485 1028 bea-

533 1081 584 1134 tus
603 1072 770 1154 Eugenins
789 1091 921 1134 munera
940 1071 1066 1134 cautius
1087 1069 1249 1150 abigebat,
1266 1067 1307 1132 ad
1327 1088 1400 1130 cum
1424 1089 1483 1130 un-

532 1172 629 1257 dique
654 1172 863 1256 multiplicius
894 1172 1109 1236 confluebant.
1165 1171 1240 1234 Hoc
1268 1190 1395 1254 quoque
1420 1169 1486 1232 fere

532 1276 652 1360 ubique
673 1276 802 1350 accidit,
818 1286 854 1339 ut
872 1275 1009 1358 fugiant,
1029 1275 1105 1338 dnm
1128 1283 1322 1358 queruntur,
1337 1273 1414 1337 dum
1437 1273 1485 1335 lu·

533 1388 647 1458 gantur
661 1379 853 1442 accelerant
899 1375 944 1439 Et
957 1376 1028 1440 hoec
1045 1374 1177 1459 quidem
1186 1375 1236 1438 via
1246 1373 1486 1458 compendiosa,

532 1488 566 1542 et
583 1478 808 1543 honestissima
829 1490 878 1542 est
897 1478 939 1542 ad
961 1478 1095 1542 divitias.
1141 1476 1248 1552 Quum
1261 1477 1349 1541 enirn
1365 1476 1485 1540 divitiae

531 1578 704 1662 prudenter
723 1580 948 1658 excluduntur,
969 1589 1001 1642 et
1025 1579 1089 1643 rita
1109 1585 1227 1642 eterna
1246 1577 1432 1661 acquiritur,
1453 1588 1486 1640 et

533 1681 680 1744 cumulus
695 1680 874 1745 divitiamm
888 1680 1026 1745 accedit.
1061 1681 1106 1743 Et
1120 1681 1149 1743 si
1163 1681 1225 1744 hoc
1241 1680 1335 1743 nimis
1350 1679 1485 1743 arduum

532 1781 658 1846 ridetur
672 1782 753 1861 aliis,
767 1785 818 1846 vel
834 1782 1029 1868 ajudicibus
1047 1795 1111 1847 tam
1137 1781 1373 1858 ecclesiasticis,
1388 1802 1486 1865 quam

532 1882 716 1961 mundanis,
743 1885 798 1967 qui
824 1884 1021 1967 professione
1048 1894 1104 1948 aut
1128 1893 1328 1946 sacramento
1348 1881 1483 1966 justitie

532 1985 667 2066 obligati
682 1995 768 2064 sunt,
781 1985 910 2071 impleri
925 1995 1061 2068 oportet.
1093 1987 1309 2069 Utrorumque
1324 1982 1484 2067 siquidem

531 2085 632 2148 forma
649 2087 778 2149 Samuel
801 2087 930 2169 estqui
951 2088 997 2150 sic
1017 2088 1146 2171 praelisit
1170 2085 1348 2164 sacrificiis,
1362 2095 1399 2148 ut
1416 2105 1483 2147 non

530 2197 673 2269 parceret
691 2188 842 2268 sanguini
857 2189 1036 2271 impiorum,
1053 2189 1099 2252 sic
1118 2188 1244 2273 judicia
1267 2197 1401 2270 utraque
1425 2206 1482 2249 ex·

530 2289 642 2369 arcuit,
659 2309 700 2352 ne
715 2290 815 2352 ullum
836 2290 1042 2374 opprimeret,
1058 2301 1091 2354 et
1112 2288 1152 2352 de
1168 2309 1265 2352 manu
1289 2288 1481 2372 cujusquam

512 2389 609 2470 ,nihil
636 2391 771 2475 accepit.
835 2393 910 2455 Hoc
936 2402 1068 2455 testatur
1094 2390 1291 2455 conscientia
1315 2389 1485 2466 Samuelis,

531 2500 695 2554 attestatur
709 2504 742 2555 et
760 2494 912 2576 populus,
928 2504 960 2556 et
984 2503 1091 2556 tamen
1107 2515 1173 2556 non
1198 2492 1275 2556 satis
1297 2492 1335 2555 fit
1357 2489 1482 2554 consci-

530 2592 626 2658 entiae
640 2595 847 2677 scrupulosas,
862 2595 923 2658 nisi
934 2605 1138 2659 sacramento
1153 2616 1243 2659 suum
1259 2595 1398 2678 populus
1423 2603 1483 2654 tes·

529 2695 697 2759 timonium
716 2696 885 2760 roboraret.
931 2697 986 2759 Ait
1003 2698 1105 2759 enim:
1132 2696 1239 2760 Testis
1256 2708 1304 2760 est
1321 2694 1481 2758 Dominus

530 2799 682 2863 adversus
696 2819 764 2877 vos,
778 2809 810 2862 et
824 2800 913 2863 testis
929 2799 1074 2866 Christus
1089 2800 1158 2885 ejus
1183 2800 1217 2862 in
1241 2798 1293 2861 die
1319 2798 1392 2871 hac,
1408 2796 1484 2880 quia

529 2922 593 2963 non
615 2900 798 2963 inveneritis
820 2901 853 2963 in
877 2922 974 2965 manu
998 2910 1070 2964 ntea
1092 2900 1269 2985 quippiam.
1312 2900 1358 2961 Et
1381 2897 1482 2960 dixit:

530 3002 644 3066 Testis.
689 3002 881 3086 cuicunque
904 3004 1052 3066 obtestati
1071 3002 1284 3087 provinciales
1306 3003 1369 3065 tale
1395 3000 1483 3066 testi·

529 3106 672 3168 monium
688 3104 868 3188 perhibent,
884 3103 924 3169 ad
940 3104 1099 3190 judicium
1115 3104 1356 3187 omnipotentis,
1369 3113 1402 3168 et
1416 3125 1484 3167 om·

529 3205 582 3270 nia
605 3207 736 3271 scientis
756 3207 822 3271 Dei
845 3229 976 3272 securus
1002 3208 1143 3272 accedat.
1188 3206 1324 3270 Provide
1346 3226 1484 3289 namque

529 3328 658 3371 causam
683 3309 822 3387 instruit,
844 3311 901 3394 qui
925 3310 958 3372 in
983 3310 1132 3373 examine
1157 3308 1386 3372 conscientiam
1409 3329 1483 3391 pro·

529 3405 633 3484 ducit,
647 3419 679 3472 et
693 3407 779 3472 diem
792 3411 980 3489 humanum,
996 3432 1131 3493 quorum
1146 3422 1195 3475 est
1203 3409 1308 3496 judex
1334 3409 1486 3473 conscius

527 3509 561 3572 in
582 3510 725 3573 excelso.
771 3510 835 3582 Qui
858 3533 931 3574 vero
957 3532 1032 3575 cum
1053 3512 1202 3577 Samuele
1219 3533 1286 3575 non
1309 3510 1485 3574 discutiunt

530 3613 584 3676 hic
595 3611 720 3697 judicia
735 3635 802 3692 sua,
816 3612 875 3677 sed
890 3616 1030 3699 prompti
1046 3615 1088 3678 ad
1109 3614 1336 3678 excusationes
1349 3612 1384 3674 in
1406 3632 1482 3694 pec·

531 3715 623 3791 catis,
640 3716 732 3799 quasi
746 3716 819 3780 lotis
833 3717 982 3780 manibus
998 3738 1072 3781 cum
1087 3717 1191 3781 Pilato
1216 3715 1367 3792 clamant,
1391 3734 1483 3776 mun·

529 3816 590 3880 dus
604 3839 663 3900 ego
673 3839 744 3881 sum
760 3839 779 3881 a
794 3819 950 3900 sanguine
960 3817 1041 3904 justi
1053 3818 1160 3904 hujus,
1172 3818 1246 3902 quia
1258 3824 1370 3880 contra
1377 3816 1482 3896 legem

528 3931 752 4000 peccaverunt,
766 3930 798 3983 et
809 3941 867 4003 per
879 3920 984 4002 legem
1000 3919 1246 3983 damnabuntur.
1291 3915 1355 3981 Sed
1377 3928 1411 3981 et
1433 3916 1483 3977 illi

528 4017 745 4085 damnationis
759 4031 852 4085 erunt
865 4022 1052 4107 participes,
1077 4022 1131 4106 qui
1156 4042 1212 4085 eos
1235 4029 1371 4104 possunt
1393 4018 1482 4083 cohi·

526 4120 601 4183 bere
618 4140 677 4182 nec
693 4124 811 4184 volunt.
856 4124 902 4185 Et
918 4124 1023 4187 dehis
1048 4124 1176 4209 quidem
1193 4122 1270 4186 satis
1286 4120 1409 4185 dictum
1434 4131 1482 4183 est

525 4222 671 4306 sapienti.
715 4220 855 4286 Proinde
881 4224 924 4287 ad
939 4227 1178 4310 proportionem
1194 4244 1357 4300 manuum,
1384 4243 1480 4305 quam

527 4323 719 4388 Plutarchus
734 4322 873 4401 induxit,
889 4336 1028 4391 transeat
1044 4329 1155 4411 stylus.
