3575 5575
1125 265 1469 686 inficta

1203 893 1206 900 Ν
1249 811 1312 868 n

362 828 433 872 car.
449 813 537 891 vnn]
713 827 966 874 nonrcnsrrcus.

361 978 440 1042 dari.
487 983 572 1043 Nam
587 988 621 1042 et
635 978 754 1064 qnietae
770 976 934 1052 libertatis,
950 974 1084 1061 justitiae
1100 975 1198 1050 cultu,
1222 995 1312 1037 reve-

361 1079 464 1143 rentia
473 1079 591 1164 legum,
603 1080 875 1165 finitimarumque
883 1079 1029 1164 gentium
1039 1077 1195 1156 amicitiis,
1208 1085 1312 1140 matu-

359 1180 452 1245 ritate
467 1181 681 1259 cunsiliorum‚
697 1192 731 1245 et
743 1180 899 1267 gravitate
915 1180 1094 1257 verborum,
1110 1189 1143 1243 et
1165 1199 1310 1264 operum,

358 1283 576 1361 obtinuerunt,
592 1297 629 1349 ut
642 1285 753 1349 orbem
768 1306 836 1348 suae
856 1282 1051 1366 subjicerent
1074 1280 1198 1346 ditioni.
1246 1279 1311 1344 Sed

358 1385 490 1470 quiade
513 1387 691 1452 constantia
714 1408 824 1450 eorum
849 1385 1015 1470 ecepimus,
1030 1406 1131 1449 unum
1153 1383 1193 1447 de
1222 1383 1309 1447 Stra·

360 1487 573 1570 tegematibus
599 1488 677 1552 Julii
705 1487 860 1562 Frontiui,
887 1507 945 1572 pro
973 1485 1083 1550 multis
1112 1497 1249 1571 ponatur
1275 1484 1309 1546 in
1366 1569 1369 1575 Ι

360 1590 476 1656 medio.
523 1591 633 1665 Quum
649 1589 757 1676 itaque
772 1588 859 1653 urbis
874 1588 1034 1653 moenibus
1058 1587 1223 1652 Hannibal
1237 1586 1312 1650 assi-

358 1691 459 1770 deret,
480 1693 678 1759 ostentandae
700 1692 826 1756 fiduciae
846 1692 958 1776 gratia,
979 1691 1237 1776 supplementum
1258 1712 1312 1754 ex·
1384 1709 1388 1716 ·

358 1793 520 1876 ercitibus,
541 1817 621 1882 quos
643 1795 676 1858 in
701 1793 858 1879 Hispania
877 1793 1050 1869 habebant,
1072 1793 1196 1857 diversa
1219 1804 1309 1877 porta

359 1896 522 1964 miserunt.
580 1897 684 1962 Iidem
711 1920 823 1982 agrurn
849 1897 882 1960 in
905 1919 970 1984 quo
992 1908 1094 1961 castra
1118 1897 1309 1961 Hannibalis

358 2010 460 2081 erant,
481 2000 633 2065 defuncto
658 1999 739 2064 forte
763 1999 906 2079 domino,
927 1999 1074 2064 venalem
1096 1999 1137 2064 ad
1159 1999 1191 2063 id
1214 1999 1310 2086 pretii

358 2099 484 2166 licendo
500 2103 729 2188 perduxerunt,
746 2124 810 2188 quo
832 2102 860 2169 is
881 2124 958 2186 ager
979 2113 1053 2166 aute
1076 2101 1197 2165 bellum
1219 2102 1308 2168 veui-

356 2216 434 2268 erat.
483 2205 527 2269 Hi
542 2206 619 2270 dum
635 2206 677 2270 ab
694 2205 877 2270 Hannibale
893 2204 1091 2281 obsidentur,
1103 2218 1135 2269 et
1151 2204 1209 2289 ipsi
1225 2204 1307 2269 obsi-

356 2306 470 2372 derent
490 2309 645 2393 Capuam,
661 2308 873 2373 decreverunt
896 2330 935 2370 ne
958 2306 1018 2371 nisi
1040 2330 1079 2372 ea
1100 2319 1203 2393 capta,
1219 2329 1307 2372 revo-

357 2422 482 2475 caretur
496 2410 571 2475 inde
586 2410 753 2477 exercitus.

360 2766 439 2852 Cap.
455 2773 484 2832 Β.
517 2763 621 2844 Quare
654 2766 818 2849 Trajanne
846 2769 994 2833 uideatur
1022 2769 1169 2833 omnibus
1194 2771 1310 2854 prease-

768 2869 898 2935 rendae.

399 3021 500 3083 Nunc
528 3028 647 3094 autem,
674 3028 711 3082 ut
736 3016 769 3081 in
796 3017 938 3104 Trajano
967 3016 1128 3083 Plutarchi
1154 3029 1306 3104 stratege-

354 3118 478 3183 maticis
492 3131 629 3205 ponatur
640 3121 763 3196 modus,
775 3131 875 3185 tantae
890 3120 1083 3186 fortitudinis
1097 3133 1130 3185 et
1145 3121 1304 3188 civilitatis

352 3220 424 3297 fuit,
441 3231 478 3284 ut
504 3221 643 3285 Romani
666 3222 792 3308 imperii
815 3223 906 3303 fines,
921 3224 1007 3309 quod
1031 3232 1100 3308 post
1121 3223 1303 3308 Augustum

353 3322 521 3388 defensum
542 3327 645 3410 magis
669 3325 784 3406 fuerat,
806 3348 903 3413 quam
930 3324 1080 3390 nobiliter
1103 3326 1304 3413 ampliatum,

352 3425 447 3510 lenge
462 3427 589 3514 lateque
604 3429 807 3494 diffirnderet.
846 3428 991 3494 Gloriam
1009 3443 1116 3494 tamen
1133 3430 1303 3496 militarem

351 3527 568 3595 moderatione
607 3531 777 3617 superavit,
811 3532 936 3609 Romae,
963 3546 996 3597 et
1036 3556 1094 3620 per
1124 3534 1301 3620 provincias

352 3629 501 3693 omnibus
510 3652 545 3693 se
560 3635 717 3718 aequalem
729 3633 894 3712 exhibens,
906 3635 1025 3700 amicos
1039 3633 1197 3699 salutami
1208 3657 1304 3701 causa

352 3730 568 3817 frequentans,
594 3734 644 3797 vel
670 3746 871 3819 aegrotantes,
897 3736 947 3801 vel
978 3738 1065 3801 lestis
1095 3738 1207 3801 diebus
1229 3761 1303 3802 curn

351 3832 473 3937 eisqem
494 3834 665 3899 indiscreta
686 3835 821 3900 vicissim
843 3836 966 3902 habeus
981 3838 1135 3916 convivia,
1151 3839 1304 3905 vehiculis

352 3958 474 4018 eorum,
488 3947 521 4001 et
534 3938 674 4003 vestibus
692 3938 910 4003 indifferenter
925 3950 1029 4018 utens,
1045 3939 1171 4026 publice
1188 3956 1221 4007 et
1240 3943 1305 4030 pri·

352 4040 448 4106 vatim
464 4041 569 4107 ditans
583 4063 704 4119 omnes,
720 4041 938 4107 immunitates
962 4041 1141 4107 civitatibus
1155 4042 1303 4130 largiens,

352 4144 496 4209 relaxans
506 4144 627 4210 tributa
638 4145 817 4232 provinciis,
825 4145 906 4210 nulli
917 4146 1031 4232 gravis,
1041 4168 1132 4211 carus
1143 4150 1303 4228 omnibus,

349 4245 441 4327 adeo,
456 4260 492 4311 ut
514 4271 614 4334 usque
637 4249 678 4313 ad
700 4260 839 4314 nostram
862 4260 1004 4329 aetatem,
1025 4250 1058 4314 iu
1083 4250 1215 4328 Senatu,
1237 4274 1301 4315 nun

334 4347 440 4413 'aliter
450 4346 644 4436 principibus
655 4351 859 4429 acclametur,
871 4353 1008 4418 Felicior
1024 4352 1181 4436 Augusto,
1190 4354 1304 4419 melior

345 4448 386 4515 sis
408 4452 566 4536 Trajanol
598 4453 651 4519 Sic
671 4454 778 4540 itaque
798 4456 962 4521 memoriae
981 4456 1050 4540 ejus
1069 4455 1212 4521 'delatum
1235 4469 1293 4535 est,
