3575 5575
491 762 531 821 34
754 776 889 820 rosnms
906 773 1186 821 sanasnaaruusrs
1321 754 1404 835 [nra.
1421 777 1444 825 1.

490 927 1233 1019 tammria-maaraaurunamcma
1253 928 1362 1016 anio.
1375 950 1444 993 ¹¹¹0·

493 1031 643 1106 narchus,
666 1028 812 1106 orbiculi,
834 1029 1161 1122 taliorchuayulpes,
1175 1051 1317 1114 ,quorum
1345 1041 1444 1095 artem

489 1118 870 1193 fitilms'e's't'dedisc‘ere
881 1150 979 1213 quam
1000 1129 1126 1193 docere.
1171 1129 1254 1202 Quis
1275 1127 1360 1193 enim
1378 1152 1445 1197 non

492 1233 671 1310 crubescat,
686 1232 712 1295 si
734 1232 827 1294 sortis
849 1252 916 1295 suae
939 1232 1084 1310 gratiam,
1107 1254 1172 1295 non
1188 1232 1295 1296 virtuti
1317 1232 1444 1309 debeat,

493 1333 550 1397 sed
575 1331 716 1395 taxillis?
755 1333 836 1405 Quis
861 1332 961 1395 fritilli
989 1334 1146 1397 cautelam
1173 1354 1240 1396 sum
1265 1334 1445 1416 prudentiae

493 1455 558 1497 non
586 1434 693 1498 doleat
722 1431 893 1497 anteferri?
933 1434 1050 1495 Nonne
1080 1435 1157 1497 satis
1185 1436 1366 1517 improbata
1394 1447 1444 1499 est

492 1535 649 1620 cujusque
661 1535 736 1599 artis
748 1534 946 1609 exercitatio,
957 1557 1020 1619 qua
1032 1547 1150 1619 quanto
1162 1536 1299 1619 quisque
1310 1536 1445 1615 doctior,

491 1648 581 1714 tanto
597 1635 753 1718 nequior?
779 1638 909 1699 Aleator
922 1635 1051 1719 quidem
1067 1637 1172 1701 omnis
1187 1637 1240 1700 hic
1255 1647 1316 1701 est.
1335 1639 1442 1719 Q·

491 1732 655 1803 daciorum
678 1738 834 1829 siquidem
856 1747 889 1800 et
908 1736 1117 1820 perjuriomm
1140 1750 1240 1803 mater
1254 1750 1303 1802 cst
1317 1740 1398 1819 alea,
1413 1752 1445 1805 et

492 1860 535 1901 ex
566 1839 672 1901 aliena
701 1837 967 1921 concupiscentia
995 1860 1053 1902 sua
1082 1838 1233 1921 prodigit,
1259 1828 1296 1904 et
1323 1826 1444 1905 nullam

492 1940 616 2003 habens
631 1938 814 2021 poatrimnii
836 1939 1055 2018 Qam,
1071 1960 1168 2024 quum
1183 1942 1265 2005 illud
1286 1942 1444 2019 effuderit,

494 2040 612 2103 sensim
628 2041 663 2101 in
678 2040 759 2103 furta
779 2039 929 2104 dilabitur
943 2050 976 2103 et
991 2042 1129 2124 rapinas.
1166 2044 1259 2109 Illam
1275 2065 1349 2107 rero
1364 2066 1444 2107 non·

493 2143 574 2205 nulli
601 2142 781 2224 praeferunt,
807 2143 842 2205 in
869 2163 933 2227 qua
959 2144 1383 2229 Qtifflffltssitfflt
1404 2168 1444 2210 co

490 2246 583 2329 ‘quod
597 2244 719 2326 ingenii
740 2246 943 2329 aliquatenus
957 2246 1057 2309 multa
1077 2247 1288 2313 meditatione
1303 2250 1444 2313 excitare

494 2346 640 2411 videatur
659 2368 803 2411 acumen.
849 2348 915 2411 Sed
929 2369 972 2411 ex
986 2369 1025 2411 eo
1046 2348 1126 2411 mihi
1141 2349 1268 2415 ridetur
1282 2351 1444 2436 perditior,

495 2470 595 2533 quum
605 2449 686 2512 nihil
699 2449 856 2513 infelicius
869 2448 920 2524 sit,
930 2470 1025 2533 quam
1041 2450 1074 2513 iu
1090 2471 1141 2529 eo,
1152 2451 1184 2515 iu
1198 2472 1262 2534 quo
1277 2454 1445 2515 minimum

494 2550 654 2634 proficias,
690 2550 863 2633 plurimum
892 2552 1046 2614 laborare.
1101 2553 1163 2616 Est
1199 2552 1286 2617 enim
1323 2552 1446 2616 inutilis

493 2656 717 2739 importunitas
733 2654 946 2738 deprecantis,
961 2676 1026 2739 qua
1039 2655 1166 2718 inutilia
1180 2655 1399 2738 acquiruntur,
1414 2669 1447 2719 et

492 2757 656 2848 querendi
679 2756 786 2820 inanis
808 2766 857 2820 est
880 2755 1057 2838 diligentia,
1081 2776 1180 2841 quum
1200 2754 1361 2820 iuvenisse
1382 2776 1445 2818 non

492 2860 643 2943 proderit.
688 2860 803 2921 Posset
821 2859 931 2941 itaque
952 2869 1060 2921 motus
1079 2859 1189 2936 animi,
1204 2868 1237 2921 et
1250 2857 1366 2922 mentis
1380 2858 1445 2939 agi·

494 2963 587 3036 tatio,
602 2981 674 3042 quae
689 2961 733 3021 ibi
749 2960 863 3021 furstra
878 2961 1075 3037 distrahitur,
1089 2963 1185 3024 rebus
1199 2960 1446 3043 pulchrioribus,

496 3074 528 3127 et
549 3062 733 3125 melioribus
755 3059 1002 3122 accommodari.
1046 3060 1160 3123 Aleam
1182 3082 1255 3123 vero
1277 3082 1297 3123 a
1318 3063 1447 3143 regione

497 3185 620 3227 morum
643 3162 730 3225 illius
744 3159 916 3224 auctoritas
930 3179 1060 3242 prorsus
1082 3159 1283 3236 exterminat,
1299 3163 1355 3244 qui
1377 3163 1448 3226 uni·

496 3288 621 3332 versum
633 3265 742 3328 orbem
755 3265 878 3327 docens
892 3262 926 3324 in
941 3261 1019 3340 filio,
1030 3283 1100 3326 eam
1115 3261 1289 3326 denunciat
1299 3264 1448 3330 omnibus

497 3365 693 3449 fugiendam.
737 3368 787 3429 Ab
811 3385 849 3428 ea
871 3363 1032 3449 siquidem
1054 3375 1214 3428 armantur
1235 3364 1275 3428 ad
1298 3365 1370 3428 lites
1392 3367 1448 3428 ho-

499 3470 611 3545 mines,
640 3469 807 3532 incurrunt
835 3466 1029 3545 inimicitias,
1053 3467 1088 3528 in
1111 3465 1270 3546 miseram,
1292 3467 1352 3530 etsi
1381 3487 1447 3530 non

497 3571 722 3645 miserabilem,
736 3568 886 3632 incidunt
908 3576 1091 3651 egestatem.
1138 3567 1174 3632 Si
1196 3568 1449 3633 denuntiationis

500 3674 615 3759 quaeris
630 3683 803 3750 auctorem,
818 3671 909 3734 illum
924 3691 1073 3751 agnosce,
1088 3671 1145 3754 qui

603 3787 666 3841 Non
678 3786 738 3852 sibi,
750 3785 797 3839 sed
809 3786 858 3837 toti
869 3786 989 3853 genitum
999 3802 1028 3838 se
1039 3771 1147 3839 credidit
1158 3786 1222 3840 orbi.

496 3889 558 3952 Est
571 3903 675 3952 tamen
689 3909 787 3973 quum
803 3887 837 3951 in
852 3888 961 3972 aliqua
974 3890 1083 3973 specie
1097 3889 1145 3952 sui
1160 3890 1294 3952 licenter
1308 3888 1446 3954 admitti·

497 3999 558 4065 tur,
574 3992 599 4053 si
614 3992 735 4074 absque
750 3990 827 4052 vitio
844 4011 991 4053 curamm
1007 3991 1148 4071 gravium
1164 3987 1293 4071 pondus
1308 3991 1448 4069 alleviet,

497 4102 529 4154 et
550 4090 619 4154 sine
634 4092 756 4155 virtutis
778 4090 945 4174 dispendio
965 4089 1145 4174 jucundam
1166 4089 1446 4174 interpolationem

495 4195 604 4257 afferat
619 4192 814 4275 gaudiorum.
859 4192 973 4257 Omnis
987 4212 1062 4254 vero
1077 4191 1208 4255 licentia
1221 4191 1449 4256 moderationis

494 4296 647 4378 suffragio
670 4295 875 4373 convalescit,
898 4308 931 4358 et
953 4292 1065 4357 solidae
1088 4293 1213 4356 virtutis
1237 4314 1314 4358 usus
1336 4297 1376 4358 ab
1398 4295 1448 4357 in-

492 4399 702 4482 temperantia
716 4398 919 4461 deformatur.
956 4395 1072 4460 Totius
1087 4416 1162 4458 vero
1182 4397 1320 4460 licentiae
1336 4395 1446 4460 mode·
