3575 5575
496 752 537 812 88
753 764 890 810 somnus
905 761 1180 809 massanamusrs
1316 743 1399 822 [ern.
1415 764 1453 807 11.

499 915 589 1002 signa
603 916 786 1002 frequenter
804 917 926 992 eadem,
942 916 974 981 in
989 938 1027 978 eo
1042 915 1091 978 vel
1112 916 1249 978 maxime
1264 935 1316 977 ars
1330 914 1454 999 conjec-

499 1018 577 1082 toris
591 1030 734 1104 apparet,
749 1019 773 1082 si
790 1019 851 1082 sub
865 1017 1033 1083 identitate
1047 1016 1223 1101 signorum,
1235 1014 1451 1080 diversitatem

498 1141 603 1184 rerum
633 1133 728 1184 cauta
755 1119 945 1185 discretione
973 1118 1155 1203 distinguit.
1209 1119 1291 1182 Haec
1320 1117 1451 1203 quidem

497 1220 656 1303 generalia
671 1233 755 1284 sunt.
794 1224 876 1296 Quae
892 1244 966 1284 vero
981 1233 1055 1284 sunt
1071 1218 1220 1306 specialia
1239 1217 1450 1302 singulorum,

498 1321 594 1386 latius
609 1332 728 1408 patent.
775 1323 847 1385 Non
869 1336 972 1387 tamen
994 1319 1251 1407 praetereundum
1273 1332 1331 1399 est,
1346 1319 1451 1403 signo·

500 1445 569 1485 rum
599 1423 674 1504 vim,
700 1446 759 1509 pro
785 1423 940 1508 qualitate
969 1444 1185 1509 personarum,
1212 1421 1371 1485 saeviorem
1398 1430 1454 1484 aut

498 1525 654 1589 mitiorem
676 1549 751 1590 esse.
798 1526 945 1590 Pecuniae
966 1525 1122 1611 siquidem
1146 1524 1364 1600 contrectatio,
1379 1521 1451 1588 aliis

496 1624 616 1703 laetum,
634 1627 754 1691 tristem
776 1627 845 1693 aliis
866 1640 1016 1692 eventum
1040 1627 1221 1692 denunciat.
1260 1627 1311 1690 Sic
1326 1648 1365 1690 ex
1386 1647 1448 1688 non

494 1728 721 1814 apparentibus
738 1729 842 1794 causis
856 1730 986 1815 inopina
1001 1729 1132 1793 Veneris
1153 1727 1323 1814 praesentia
1337 1727 1450 1790 amari-

494 1828 639 1893 tudinem
668 1831 807 1897 fortunae
835 1831 1035 1917 frequentius
1063 1830 1189 1914 ingerit.
1246 1831 1338 1896 Unde
1366 1828 1447 1892 illud

495 1931 693 2017 Hypsipyles
708 1933 935 1997 Archemorum
952 1932 1092 2019 lugentis
1107 1936 1283 1998 extinctum

740 2059 880 2128 Nunquam
891 2061 995 2132 impune
1006 2077 1054 2131 per
1063 2060 1169 2112 umbras

600 2145 729 2197 Attonitae
740 2145 803 2197 mibi
814 2147 870 2198 visa
881 2145 983 2199 Venus.

496 2255 530 2320 Si
542 2257 624 2320 enim
637 2281 675 2322 ex
687 2257 827 2344 reliquiis
835 2258 1076 2343 cogitationum,
1085 2270 1142 2344 aut
1155 2259 1279 2323 Cereris
1293 2256 1446 2322 bacchive

494 2361 631 2425 stimulis
652 2363 784 2426 incitata
806 2360 916 2427 Venus
935 2375 1093 2439 occurrat,
1108 2361 1335 2426 insomniorum
1360 2361 1446 2425 vani-

493 2465 553 2527 tati
564 2462 680 2527 rectius
690 2463 915 2549 applicabitur,
926 2486 1000 2549 quae
1010 2462 1116 2527 omnia
1127 2464 1342 2550 conjectorum
1355 2462 1448 2526 disci-

493 2564 590 2650 plina,
604 2568 696 2650 quasi
711 2587 793 2628 vana
807 2563 991 2645 contemnit,
1001 2563 1099 2648 juxta
1113 2564 1193 2628 illud
1211 2564 1270 2628 viri
1287 2564 1445 2651 sapientis,

596 2674 702 2726 Somnia
713 2692 747 2727 ne
759 2691 840 2740 aurea,
851 2691 914 2726 nam
925 2691 999 2726 mena
1008 2674 1133 2738 bumana,
1144 2675 1213 2743 quod
1224 2680 1306 2746 optat,

595 2759 668 2813 Dum
678 2758 779 2827 vigilat,
792 2764 889 2833 eperat,
900 2775 946 2830 per
958 2776 1076 2812 somnum
1088 2761 1170 2812 cernit
1181 2759 1209 2812 id
1220 2761 1314 2831 ipsum.

494 2854 658 2919 luterdum
684 2868 788 2920 tamen
816 2871 847 2922 et
870 2879 928 2943 per
950 2855 1123 2921 antithesin
1147 2878 1265 2932 rerum,
1286 2858 1448 2943 sequenda

495 2967 571 3019 sunt
594 2955 738 3019 veritatis
760 2957 905 3043 vestigia,
922 2957 1003 3021 sicut
1027 2979 1127 3043 quum
1152 2958 1275 3043 Magno
1297 2961 1450 3044 Pompeio

491 3056 585 3119 ruina
599 3055 788 3134 immineret,
799 3058 957 3122 contraria
973 3060 1048 3123 visis
1063 3058 1234 3125 vaticinata
1249 3062 1352 3146 quies,
1364 3058 1443 3124 laeti-

490 3158 631 3246 tiamque
643 3160 739 3235 urbis,
752 3158 863 3247 populi
879 3159 1085 3246 tripudiantis
1097 3161 1265 3247 praeconia,
1278 3161 1441 3246 plausum·

401 3290 404 3296 ·
490 3285 552 3347 que
578 3262 693 3326 theatri
716 3262 775 3341 sui,
797 3263 886 3349 quasi
909 3286 944 3325 re
966 3263 1066 3327 totius
1092 3262 1217 3347 imperii
1239 3262 1320 3326 bene
1340 3275 1441 3347 gesta,

489 3365 619 3427 fortuna
634 3365 766 3450 perituri
788 3365 880 3429 ducis
896 3366 995 3429 oculis
1009 3366 1184 3451 ingerebat.
1230 3365 1296 3427 Res
1311 3386 1442 3450 quoque

491 3487 565 3551 quae
581 3468 684 3553 turpis
701 3481 732 3532 ct
748 3468 894 3533 obscaena
909 3483 956 3533 est
971 3469 1003 3531 in
1021 3466 1199 3554 superficie,
1214 3466 1444 3531 honestissimae

493 3566 638 3634 veritatis
654 3567 846 3656 quandoque
868 3570 1078 3635 substantiam
1094 3569 1185 3652 tegit.
1230 3572 1267 3635 C.
1284 3570 1392 3633 Caesar
1414 3571 1447 3634 in

489 3672 603 3735 minori
619 3682 714 3735 aetate
730 3670 761 3733 in
777 3671 893 3735 somnis
907 3671 967 3736 sibi
990 3674 1076 3735 visus
1090 3683 1138 3734 est
1160 3672 1270 3735 matris
1291 3675 1444 3736 incestare
1527 3740 1530 3745 ¹

487 3771 645 3849 cubicula,
653 3787 684 3839 et
695 3772 896 3860 turpitudine
908 3772 1029 3859 soporis
1040 3772 1206 3849 attonitus,
1215 3796 1315 3859 quum
1327 3796 1392 3836 rem
1400 3774 1442 3837 ad

486 3876 724 3940 mathematicos
738 3876 908 3952 retulisset,
922 3876 1100 3940 universam
1117 3886 1234 3938 terram
1246 3874 1360 3938 ditioni
1372 3874 1442 3959 ejus

485 3976 712 4061 subjiciendam
739 3977 983 4063 responderunt.
1029 3974 1082 4042 Sic
1107 3974 1217 4060 itaque
1243 3975 1438 4058 magnanimi

485 4076 544 4139 viri
560 4098 641 4163 spes,
655 4079 696 4142 ad
712 4078 934 4163 occupandum
949 4077 1117 4164 imperium
1133 4090 1238 4140 erecta
1252 4089 1312 4139 est.
1340 4076 1441 4139 Deni-

484 4200 546 4260 que
565 4176 605 4239 ad
629 4176 762 4261 speciem
783 4177 858 4241 facti
882 4178 955 4264 quis
969 4178 1052 4242 Uria
1069 4176 1209 4264 justior?
1237 4175 1309 4263 quis
1329 4176 1437 4241 David

481 4278 612 4367 nequior
637 4293 693 4342 aut
719 4278 899 4343 crudelior?
930 4304 1022 4367 quem
1050 4279 1144 4344 decor
1175 4278 1365 4343 Bethsabeae
1393 4279 1434 4342 ad

479 4380 703 4465 proditionem,
732 4378 952 4457 homicidium,
980 4393 1012 4443 et
1046 4376 1241 4444 adulterium
1276 4377 1433 4442 invitavit.
