3575 5575
498 825 561 882 292
758 839 894 884 sosums
910 837 1190 883 ssaasaamsusm
1314 827 1397 900 [sm.
1414 839 1445 884 v.

495 991 580 1077 quod
595 989 712 1053 litterae
731 989 801 1074 ejus
821 988 1020 1074 antigraphoe
1040 987 1222 1054 ostendunt.
1268 989 1306 1053 ln
1329 990 1447 1076 quibus

494 1113 595 1177 quum
609 1089 732 1176 aliquid
754 1111 918 1176 nunquam
940 1091 1082 1155 futurum
1098 1090 1260 1168 credebat,
1274 1091 1355 1155 illud
1377 1091 1444 1156 lore

492 1192 621 1256 dicebat
644 1193 687 1255 ad
717 1191 880 1256 Kalendas
910 1197 1049 1259 Graecas.
1111 1191 1314 1258 Masinissam
1344 1215 1443 1258 nona-

491 1293 649 1377 gesimum
664 1291 768 1356 aetatis
782 1314 902 1356 annum
918 1304 1079 1376 agentem,
1094 1293 1228 1359 meridie
1243 1307 1317 1360 ante
1336 1294 1442 1358 taber-

490 1395 642 1460 naculum
668 1405 816 1475 stantem,
838 1395 890 1458 rel
915 1394 1147 1475 ambulantem,
1172 1418 1286 1481 capere
1311 1396 1439 1461 solitum

490 1497 578 1561 cibos
591 1495 737 1580 legimus.
782 1498 820 1560 C.
838 1495 955 1560 Curius
969 1517 1069 1580 quum
1085 1495 1176 1560 victis
1189 1497 1232 1560 ab
1247 1519 1286 1561 ao
1303 1497 1440 1572 Sabinis,

488 1620 528 1662 ex
545 1598 682 1662 Senatus
696 1595 841 1660 consulto
854 1595 1061 1679 ampliaretur
1075 1595 1105 1660 ei
1121 1596 1234 1661 modus
1248 1596 1326 1681 agri,
1342 1619 1438 1683 quem

488 1699 699 1766 consummati
720 1697 838 1761 milites
859 1696 1070 1782 accipiebant,
1092 1698 1269 1782 gregalium
1295 1699 1439 1784 portione

487 1812 655 1866 contentus
680 1797 751 1874 fuit,
773 1797 893 1862 malum
918 1797 1020 1863 civem
1045 1795 1165 1874 dicens,
1188 1799 1240 1862 cui
1266 1820 1330 1863 non
1355 1813 1439 1864 esset

486 1905 583 1978 idem,
599 1900 685 1988 quod
700 1898 834 1974 caeteris,
849 1897 934 1965 satis.
974 1897 1123 1962 Universi
1138 1920 1266 1986 quoque
1280 1900 1438 1964 exercitus

486 2027 571 2091 saepo
586 2001 735 2067 notabilis
748 2000 809 2064 luit
823 1999 1029 2074 nominantis,
1045 1998 1127 2063 sicut
1141 2000 1209 2085 ejus
1230 2000 1286 2088 qui
1308 2002 1368 2066 sub
1385 2001 1435 2066 M.

488 2108 608 2172 Scauro
633 2104 790 2186 insignem
818 2101 952 2185 gloriam
979 2102 1105 2169 meruit.
1156 2101 1240 2166 Nam
1270 2104 1435 2168 memoriae

483 2206 615 2273 tradidit
630 2206 768 2270 Scaurus
782 2200 1011 2266 continentiam
1024 2201 1211 2267 militarem:
1234 2205 1435 2289 pomiferam,

482 2309 597 2397 iuquit,
627 2307 785 2385 arborem,
813 2325 911 2391 quam
941 2303 973 2367 in
1010 2304 1092 2388 pede
1126 2316 1300 2370 castrorum
1331 2307 1435 2372 fuerat

483 2409 649 2495 complexa
662 2405 805 2482 metatio,
821 2416 981 2489 postremo
996 2405 1049 2468 die
1072 2405 1312 2471 concinentibus
1328 2430 1433 2473 aenea-

482 2512 613 2588 toribus,
629 2522 662 2573 et
683 2507 876 2572 abeuntibus
898 2506 1001 2585 nobis,
1018 2508 1145 2572 intactis
1166 2509 1321 2574 lmctibus
1343 2533 1431 2575 exer·

481 2615 563 2679 citus
598 2610 726 2698 reliquit
762 2609 956 2675 indemnem.
1019 2609 1179 2696 Auspiciis
1213 2633 1289 2696 ergo
1326 2613 1431 2697 Impe-

481 2713 603 2780 ratoriis
619 2710 754 2778 Caesaris
769 2708 947 2773 Domitiani
966 2709 1102 2794 Augusti
1118 2710 1312 2776 Germanico
1333 2713 1429 2791 bello,

479 2819 566 2906 quod
594 2815 698 2881 Julius
727 2812 839 2879 Civilis
866 2812 900 2875 in
932 2812 1039 2877 Gallia
1065 2828 1216 2890 moverat,
1248 2816 1428 2901 Lingonum

479 2917 718 3006 opulentissima
746 2915 866 2991 civitas,
896 2936 970 2999 quae
1005 2915 1047 2977 ad
1077 2914 1214 2979 Civilem
1243 2918 1428 2997 desciverat,

477 3043 578 3109 quum
594 3018 818 3083 advenientem
833 3017 874 3080 ab
889 3016 1032 3080 exercitu
1045 3017 1179 3081 Caesaris
1190 3021 1427 3105 populationem

476 3126 616 3199 timeret,
632 3119 718 3206 qnod
742 3130 859 3202 praeter
881 3138 971 3202 spem
994 3117 1154 3199 inviolata,
1170 3120 1249 3185 nihil
1271 3146 1311 3187 ex
1333 3124 1429 3189 robus

475 3225 540 3290 suis
568 3222 727 3297 amiserat,
758 3220 800 3284 ad
834 3218 1023 3305 obsequium
1059 3220 1197 3298 redacta,
1227 3227 1428 3311 septuaginta

474 3327 577 3391 millia
589 3337 782 3390 armatorum
798 3322 930 3388 tradidit
945 3322 1033 3387 mihi.
1078 3324 1223 3389 Lucilius
1248 3328 1428 3393 Mummius

474 3429 529 3516 qui
558 3427 712 3493 Corintho
737 3436 830 3510 capta
855 3446 919 3487 non
947 3424 1073 3489 ltaliam
1103 3426 1216 3504 solum,
1243 3428 1297 3491 sed
1326 3430 1424 3495 etiarn

472 3524 667 3614 provinciam
694 3522 811 3587 tabulis
835 3521 1010 3607 statuisque
1037 3524 1210 3603 exornavit,
1235 3526 1315 3590 adeo
1344 3528 1424 3593 nihil

472 3652 512 3695 ex
528 3625 687 3693 manubiis
701 3623 798 3689 tantis
812 3623 844 3687 in
860 3645 954 3687 suum
974 3625 1130 3689 convertit
1152 3648 1256 3701 usum,
1274 3639 1310 3693 ut
1324 3630 1423 3695 filiam

471 3731 540 3816 ejus
552 3728 679 3813 inopem
694 3729 830 3792 Senatus
840 3746 881 3789 ex
891 3724 1020 3810 publico
1032 3726 1196 3793 dotaverit.
1237 3730 1423 3795 Constantia

471 3812 598 3919 quoque
622 3853 721 3917 quum
737 3829 937 3914 expluribus
958 3830 1236 3913 strategematibus
1258 3844 1374 3917 pateat,
1389 3833 1422 3895 in

469 3934 586 3997 virtute
615 3932 833 3996 Romanorum
861 3930 1000 3995 maxime
1027 3931 1134 3997 claret.
1182 3932 1302 3997 Eorum
1326 3933 1423 4020 siqui-

469 4035 545 4096 dem
573 4032 812 4117 magnificentia
839 4045 873 4096 et
899 4032 1026 4109 virtute,
1053 4032 1078 4096 si
1105 4035 1250 4098 omnium
1275 4036 1419 4119 gentium

468 4133 608 4199 historiae
637 4134 848 4216 revolvantur,
874 4133 951 4197 nihil
981 4134 1097 4199 clarius
1126 4135 1222 4199 lucet.
1269 4136 1421 4202 Declarat

468 4238 529 4301 hoc
549 4234 734 4321 amplissimi
749 4235 899 4320 splendor
924 4236 1064 4321 Imperii,
1079 4259 1144 4324 quo
1168 4237 1291 4302 nullum
1316 4240 1421 4324 majus

467 4342 510 4405 ab
535 4338 676 4416 exordio,
706 4359 810 4423 neque
839 4335 1013 4421 majoribus
1040 4338 1246 4419 incrementis
1275 4362 1423 4425 processu

468 4442 618 4507 continuo
644 4440 823 4515 dilatatum,
847 4437 988 4503 humana
1011 4452 1115 4525 potest
1139 4441 1294 4505 memoria
1317 4463 1422 4507 recor-
