3575 5575
346 767 417 811 car.
434 752 526 825 xus]
689 765 942 814 rotrcnarrcos.

347 928 400 979 tus
414 929 473 994 est,
488 918 595 983 asinus
614 918 756 990 inutilis;
788 916 846 981 etei
869 915 1026 979 utilissimi
1043 914 1117 988 sint,
1132 914 1173 977 ad
1195 914 1298 999 perfe-

344 1017 443 1081 renda
458 1040 564 1081 onera.
610 1022 727 1103 Equus
753 1016 948 1104 quandoque
968 1016 1070 1080 bonus
1088 1028 1154 1093 est,
1185 1015 1240 1078 sed
1264 1014 1295 1077 in

343 1137 383 1178 eo
405 1116 485 1181 nihil
507 1118 628 1199 utilius,
652 1141 748 1203 quam
772 1117 859 1205 quod
883 1116 1031 1180 humanis
1053 1116 1164 1180 usibus
1186 1116 1294 1180 servit.

345 1219 455 1283 Habet
470 1243 545 1283 vero
556 1219 738 1305 jurgiorum
754 1232 785 1301 et
801 1240 921 1304 pugnae
936 1217 1207 1304 significationem.
1243 1218 1297 1279 In-

345 1320 471 1383 terdum
502 1334 608 1385 tamen
633 1344 674 1385 ex
697 1321 802 1384 colore
828 1336 860 1385 et
884 1321 955 1385 visu
979 1320 1155 1404 mitigatur.
1203 1319 1297 1384 Unde

345 1422 432 1505 apud
459 1421 638 1506 Virgilium,
662 1421 737 1485 visis
762 1420 843 1485 albis
867 1421 972 1505 equis,
993 1432 1169 1505 apparente
1193 1418 1299 1497 ltalia,

345 1519 449 1581 senior
466 1521 621 1584 Anchises
636 1519 810 1585 exclamat:

486 1626 600 1690 Bellum,
612 1643 628 1677 o
639 1626 737 1679 bellum
749 1631 818 1677 terra
829 1626 936 1695 hospita
946 1631 1042 1695 portas.

345 1722 498 1800 Cervum,
517 1722 709 1808 capreolum,
731 1743 909 1807 aprumque
929 1720 1117 1796 silvestrem,
1138 1743 1294 1804 onagrum

344 1834 376 1883 et
406 1834 520 1886 caetera
547 1823 644 1908 hujus
672 1822 807 1906 generis,
833 1821 917 1885 malo
942 1821 1111 1907 prandenti
1141 1843 1295 1907 apponas,

345 1945 442 2006 quam
468 1923 568 1987 vianti
595 1946 746 2010 opponas.
799 1928 916 2000 AEneas
946 1921 1048 2039 effi-‘r
1077 1945 1137 2008 pro
1165 1923 1295 1987 navium

345 2046 477 2087 numero
503 2025 591 2102 susis,
613 2047 705 2088 omen
728 2024 815 2110 quod
839 2037 1033 2088 contrarium
1051 2011 1231 2103 videbatur,
1252 2025 1294 2089 ad

1382 1732 1421 1799 ><

346 2148 378 2187 se
408 2126 628 2211 sociorumque
657 2126 832 2201 fortunam,
862 2126 981 2191 virtute
1011 2125 1145 2190 retorsit.
1199 2128 1296 2190 Canis
1354 2153 1391 2204 4

346 2227 519 2313 sequipeda
533 2228 806 2292 commodissimus
823 2242 890 2293 est:
915 2230 1018 2314 cujus,
1034 2228 1059 2291 si
1074 2251 1149 2291 vera
1163 2200 1307 2294 est‘l‘t'e'f

346 2327 505 2392 braeorum
536 2329 677 2405 traditio,
708 2352 765 2394 nec
795 2330 927 2414 angelus
956 2330 1024 2416 ipse
1054 2330 1169 2394 Tobiae
1195 2332 1298 2395 socius

346 2443 535 2516 aspernatus
550 2442 596 2493 est
613 2429 809 2495 comitatum.
856 2430 942 2507 Quid
959 2432 1045 2517 quod
1061 2433 1169 2516 Cyrus
1184 2432 1298 2496 scelere

343 2530 398 2592 avi
421 2531 585 2616 expositus
607 2530 638 2593 in
663 2531 750 2594 silvis
772 2543 807 2595 ut
831 2530 960 2616 periret,
974 2531 1124 2619 caniculas
1147 2532 1299 2597 uberibus

344 2649 478 2712 regnum
502 2629 639 2714 adeptus
661 2642 708 2693 est
732 2632 912 2691 Persarum.
943 2627 1101 2693 ¹Locusta
1122 2632 1182 2693 etsi
1205 2631 1297 2694 mini·

963 2700 1088 2721 Μ

345 2750 430 2794 mum
455 2732 565 2814 possit,
588 2729 805 2794 itinerantium
828 2741 933 2792 tamen
958 2728 1114 2813 praepedit
1139 2742 1234 2809 vota3
1257 2753 1296 2795 ex

344 2851 382 2891 eo
396 2830 480 2892 forte
502 2830 547 2893 sic
569 2829 667 2906 dicta,
682 2828 768 2911 quod
792 2827 861 2890 loco
881 2838 965 2891 stare
987 2827 1082 2892 faciat
1104 2830 1294 2913 gradientes.

344 2932 373 2992 E
387 2942 496 2991 contra
508 2925 617 3030 Q
626 2926 755 2990 viatoris
767 2940 934 3010 promovet
943 2949 1100 3012 gressum,
1112 2942 1144 2993 et
1155 2929 1295 2998 initiato·

343 3049 414 3093 rum
437 3040 576 3092 amoenat
597 3027 731 3092 exitum.
774 3031 905 3145 Q
931 3028 1009 3091 dum
1035 3052 1054 3092 a
1079 3032 1296 3116 superioribus

344 3130 433 3194 filum
461 3129 561 3209 ducit,
587 3151 674 3214 spem
696 3139 838 3194 venturae
860 3131 1005 3213 pecuniae
1020 3131 1149 3196 videtur
1170 3133 1294 3198 afferre.

343 3231 555 3321 Obviusbulo
569 3231 698 3296 futuros
714 3254 875 3295 successus
886 3232 1076 3306 denunciat;
1094 3233 1172 3297 mihi
1188 3247 1294 3300 tamen

342 3333 392 3396 vel
419 3332 486 3396 solo
509 3333 579 3396 visu
601 3337 753 3396 molestus
774 3345 832 3397 est.
878 3333 1093 3397 Veruntamen
1115 3335 1220 3399 omine
1240 3337 1295 3401 illo

341 3434 421 3499 nihil
443 3437 618 3520 potentius,
642 3433 720 3496 nihil
743 3433 901 3497 efficacius
924 3446 984 3512 est,
1006 3434 1085 3498 nihil
1111 3435 1294 3502 mortalium

342 3556 484 3618 unquam
496 3534 649 3609 invenies,
659 3533 747 3619 quod
760 3533 938 3599 evidentius
949 3535 1107 3621 exprimat
1120 3537 1294 3602 veritatem.

343 3636 445 3698 Porro
460 3633 486 3697 si
501 3647 602 3698 artem
617 3633 787 3718 diligenter
799 3639 976 3720 exequeris,
985 3636 1197 3700 conditionem
1213 3639 1295 3722 ejus,

341 3749 373 3799 et
397 3735 482 3799 dona
504 3746 638 3808 naturae,
654 3733 762 3809 situm,
777 3749 917 3818 gestum,
933 3747 1120 3819 motumque
1141 3738 1293 3819 corporis,

342 3855 535 3922 sensumque
558 3834 719 3910 sermonis,
736 3847 805 3897 tota
826 3834 943 3897 mentis
961 3835 1137 3898 intentione
1158 3836 1295 3902 notabis.

340 4025 527 4106 infaii'stum.
584 4038 658 4122 Ego
687 4059 818 4122 quoque
852 4035 1065 4121 perniciosum
1094 4039 1200 4116 credo,
1231 4063 1293 4104 non

342 4141 436 4203 modo
451 4138 679 4213 sacerdotibus,
697 4139 752 4202 sed
769 4150 802 4204 et
819 4137 893 4200 viris
915 4138 1112 4223 sapientibus
1127 4142 1295 4205 contraire.

343 4239 463 4303 Melius
488 4262 618 4325 quoque
644 4253 690 4303 est
718 4241 846 4304 obviare
875 4240 963 4324 genti
995 4262 1167 4316 servorum,
1195 4263 1293 4325 quam

343 3938 545 4034 Q
569 3935 699 3999 obvium
723 3934 861 3997 aliumve
883 3932 1079 4018 religiosum,
1094 3935 1206 4001 dicunt
1227 3961 1294 4004 esse
1302 3959 1328 4325 pp

246 4375 251 4386 ·
340 4338 390 4402 his
416 4341 472 4424 qui
495 4363 618 4404 summa
644 4355 720 4404 sunt
747 4340 877 4423 praediti
902 4351 1069 4424 potestate.
1115 4341 1292 4406 Foeminam
