3575 5575
483 762 547 822 316
744 778 882 823 roauurs
899 777 1180 825 saunsunnrsusrs
1307 765 1389 844 [nm.
1404 784 1436 828 v.

484 928 658 1012 propitium
684 930 869 994 sustinuerit
892 930 1028 994 hostem.
1073 933 1117 995 At
1139 932 1172 994 in
1199 932 1349 1014 litigiosis
1374 933 1439 998 dis·

484 1029 704 1112 putationibus
735 1041 769 1094 et
802 1030 1092 1096 declamationibus
1126 1033 1339 1112 scholasticis,
1368 1035 1439 1098 sine

484 1131 628 1214 periculo
642 1133 705 1195 isto
726 1131 789 1194 ista
807 1143 982 1196 versantur.
1029 1133 1095 1196 Sed
1116 1134 1173 1197 ubi
1187 1133 1229 1197 ad
1244 1135 1347 1199 sorum
1363 1157 1439 1198 ren·

485 1247 552 1295 tum
567 1243 626 1306 est,
641 1233 674 1294 in
690 1254 754 1316 quo
772 1233 877 1296 inanis
897 1235 1069 1297 ostentatio
1088 1235 1210 1316 ingenii
1226 1237 1438 1321 conquiescit,

485 1344 518 1396 et
532 1335 615 1398 seria
629 1334 788 1399 duntaxat
807 1334 976 1417 agitantur,
991 1337 1058 1398 sine
1075 1338 1219 1420 periculo
1232 1338 1441 1419 litigatorum,

486 1434 679 1518 antjudicis,
688 1436 721 1498 in
733 1438 902 1502 sententiae
914 1438 1041 1501 calculo
1053 1459 1117 1501 non
1130 1449 1258 1502 erratur.
1297 1440 1367 1505 Nec
1380 1451 1440 1517 est,

486 1549 522 1602 ut
536 1538 661 1621 opinor,
675 1538 850 1622 quicquam
869 1535 990 1612 utilius,
1005 1559 1100 1622 quam
1117 1539 1296 1622 periculum
1311 1539 1442 1620 differri,

488 1640 516 1702 si
540 1641 672 1702 omnino
694 1638 786 1702 vitari
806 1639 873 1703 non
899 1649 1017 1722 potest.
1061 1639 1305 1722 Iniquissimum
1330 1651 1438 1704 tamen

487 1751 546 1814 est,
556 1740 665 1825 jurgia
683 1741 844 1823 protelari,
864 1762 963 1824 quum
979 1741 1159 1805 alterutrius
1170 1741 1363 1822 litigantium
1383 1763 1439 1825 pe·

486 1843 642 1906 riclitatur
665 1841 795 1916 utilitas,
817 1852 851 1906 et
873 1841 920 1903 rei
941 1840 1113 1904 difficultas
1136 1861 1255 1903 moram
1276 1863 1341 1904 non
1364 1864 1441 1905 con·

487 1945 591 2008 trahit
629 1942 793 2026 Quicquid
804 1943 902 2024 igitur
913 1942 1059 2026 expediri
1070 1952 1186 2025 potest,
1197 1943 1441 2008 accelerandum

490 2052 558 2119 est;
580 2042 667 2125 quod
682 2043 876 2106 consultiore
890 2051 1027 2106 tractatu
1041 2041 1177 2124 indiget,
1191 2041 1411 2106 differendum.

490 2253 570 2338 Cap.
582 2259 638 2326 13.
669 2254 828 2330 Quomodo
846 2254 1016 2339 judicium
1038 2254 1148 2318 deden
1169 2254 1331 2335 ordinari,
1352 2255 1443 2319 etde

531 2357 733 2436 conceptione
753 2357 949 2418 sacramenti
970 2357 1153 2431 calumnie,
1169 2356 1255 2437 qnod
1275 2377 1316 2420 ee
1336 2376 1442 2418 neces-

531 2460 629 2523 sitate
652 2467 811 2540 prestant
835 2467 924 2522 octor
948 2469 980 2524 et
1005 2481 1090 2538 reus,
1115 2468 1147 2523 et
1172 2460 1252 2541 quid
1274 2460 1443 2523 immineat

532 2557 592 2632 uti,
608 2561 667 2642 qni
678 2560 906 2637 juramentum
924 2560 1031 2624 subire
1053 2561 1217 2635 detrectat,
1233 2566 1264 2622 et
1282 2559 1321 2622 de
1335 2579 1442 2622 socra-

532 2668 638 2725 mento
659 2663 897 2740 advocatorum,
912 2668 944 2725 et
960 2681 1057 2744 poeno
1077 2664 1358 2738 calumniatorum,
1377 2665 1444 2724 sice

530 2765 832 2847 prevaricantium,
846 2772 909 2827 out
926 2765 1220 2849 tergiuersantiem.

535 2894 590 2956 Ur
610 2914 686 2955 vero
704 2911 810 2955 rerum
829 2892 945 2955 veritas
960 2891 1055 2954 citius
1075 2891 1252 2969 illucescat,
1270 2891 1444 2971 litigatores

491 2995 590 3077 ipsos,
613 3013 767 3077 personas
795 2992 945 3055 videlicet
974 2993 1181 3075 principales,
1207 3010 1273 3055 non
1299 3001 1373 3055 ante
1402 2990 1444 3054 ad

491 3096 579 3160 litem
597 3094 703 3180 judex
726 3093 882 3173 admittet,
906 3114 1002 3177 quam
1025 3096 1056 3157 ei
1076 3094 1220 3177 prestito
1247 3102 1444 3157 sacramento

491 3197 610 3261 saciant
619 3196 727 3273 fidem,
735 3194 822 3280 quod
827 3195 1034 3279 justitiaesuae
1044 3195 1242 3273 insistent,ct
1250 3193 1444 3257 calumniam

492 3319 617 3361 omnem
649 3299 761 3380 procul
790 3297 918 3361 facient.
970 3300 1070 3361 Actor
1100 3296 1233 3380 quidem
1255 3294 1354 3380 juret,
1378 3315 1445 3358 non

493 3398 708 3462 calumniandi
734 3399 841 3461 animo
864 3398 955 3461 litem
980 3398 1128 3475 movisse,
1151 3396 1444 3473 sed-existimando

491 3500 611 3561 bonam
636 3496 754 3562 habere
784 3518 925 3575 causam,
950 3508 982 3561 et
1011 3497 1098 3582 quod
1124 3498 1207 3561 nihil
1233 3499 1266 3560 in
1293 3508 1361 3561 tota
1388 3497 1444 3560 lite

491 3601 588 3665 t'aciet
609 3601 817 3675 calumniose,
838 3610 873 3663 ut
894 3620 956 3663 nec
979 3600 1136 3683 probatio,
1155 3620 1215 3663 nec
1238 3599 1347 3661 dilatio
1365 3599 1445 3661 frus·

492 3704 622 3767 tratoria
641 3702 799 3785 exigatur,
818 3700 873 3765 sed
897 3699 930 3763 id
952 3702 1057 3764 solum
1079 3699 1167 3783 quod
1181 3700 1309 3785 justitia
1324 3698 1446 3762 videtur

493 3805 632 3887 exigere.
676 3804 766 3867 Reus
786 3814 891 3866 autem
906 3800 1041 3885 jurabit,
1060 3799 1148 3883 quod
1170 3809 1287 3884 putans
1307 3820 1340 3861 se
1360 3800 1446 3862 bona

492 3906 644 3969 instantia
652 3905 711 3982 uti,
720 3904 865 3986 pervenit
873 3902 916 3966 ad
925 3900 1159 3977 reluctandum,
1169 3911 1202 3964 et
1214 3898 1302 3984 quod
1313 3900 1348 3963 iu
1357 3899 1446 3962 nullo

494 4005 594 4068 totius
607 4005 673 4066 litis
688 4006 822 4068 articulo
838 4003 1035 4069 calumniose
1055 4003 1244 4077 versabitur,
1258 4001 1293 4064 id
1308 4002 1412 4064 solum
1427 4020 1447 4063 a

489 4102 612 4188 judice,
625 4104 676 4164 vel
690 4102 868 4167 adversario
881 4106 1028 4184 exigens.
1041 4102 1127 4188 quod
1141 4124 1198 4187 pro
1214 4102 1344 4166 veritate
1356 4110 1448 4182 putat

493 4194 537 4267 ex
557 4201 749 4267 necessitate
770 4202 905 4286 justitiae
928 4203 1157 4267 exhibendum.
1204 4205 1349 4286 Uterque
1371 4220 1445 4262 vero

488 4304 662 4389 juramenti
676 4303 726 4367 sui
742 4313 885 4368 extrema
908 4305 1053 4368 clausula
1067 4304 1131 4368 hoc
1154 4305 1397 4386 complectetur,
1413 4310 1449 4364 ut

488 4406 598 4488 jurent
620 4428 654 4471 se
676 4406 756 4469 nihil
780 4405 919 4485 dedisse,
942 4414 996 4470 aut
1018 4405 1216 4488 promisisse,
1238 4414 1293 4468 aut
1316 4403 1447 4466 daturos
