3575 5575
882 176 1275 489 anan

318 793 388 837 car.
405 776 454 855 x.]
682 786 934 834 ronrcns‘nous.
1230 771 1271 828 77

317 943 429 1007 bilium
447 963 589 1027 operum,
604 941 706 1027 ipsum
720 939 885 1005 Christum
900 941 1003 1001 Deum
1020 958 1086 999 esse
1101 946 1268 999 constaret.

318 1043 414 1107 Unde
429 1045 453 1106 J
454 1046 605 1127 osephus:
631 1042 709 1105 Fuit
721 1055 828 1104 autem
840 1039 951 1103 iisdem
964 1037 1161 1123 temporibus
1172 1037 1195 1098 J
1197 1058 1269 1099 esus

317 1143 439 1228 sapiens
465 1144 525 1219 vir,
550 1143 575 1207 si
598 1155 702 1206 tamen
729 1144 835 1205 virum
860 1163 932 1203 eum
957 1137 1117 1224 appellare
1140 1137 1189 1201 fas
1210 1150 1268 1201 est.

316 1246 396 1309 Erat
426 1246 512 1309 enim
541 1243 731 1308 mirabilium
763 1264 895 1329 operum
925 1241 1064 1319 effector,
1092 1238 1268 1325 doctorque

315 1347 481 1411 hominum
498 1369 619 1422 eornm,
633 1346 689 1430 qui
705 1345 840 1409 libenter
855 1366 930 1429 quae
941 1365 1014 1405 vera
1029 1359 1104 1405 sunt
1120 1341 1267 1416 uudinnt,

315 1462 347 1514 et
364 1449 481 1513 multos
496 1448 626 1534 quidem
642 1452 662 1513 J
665 1447 842 1522 udaeorum,
859 1445 977 1508 multos
998 1444 1095 1507 etiam
1110 1465 1149 1505 ex
1167 1444 1267 1525 genti-

315 1551 376 1613 bus
396 1551 455 1615 sibi
477 1550 634 1633 adjunxit.
666 1548 814 1613 Clrristus
836 1547 888 1610 hic
910 1558 987 1610 erat.
1018 1547 1117 1607 Hunc
1139 1568 1266 1609 accusa-

315 1651 400 1715 tione
415 1651 591 1736 primorum
607 1661 721 1713 nostrae
737 1648 842 1733 gentis
856 1647 1011 1722 virorum,
1027 1668 1125 1729 quum
1142 1646 1266 1709 Pilatus

313 1752 346 1815 in
361 1775 485 1815 crucem
502 1750 660 1835 agendum
676 1772 743 1812 esse
763 1748 963 1827 decrevisset,
978 1769 1040 1809 non
1056 1746 1265 1811 deseruerunt

314 1877 386 1919 eum
399 1854 444 1930 lri,
457 1852 512 1939 qui
525 1852 565 1915 ab
577 1851 669 1914 initio
681 1873 754 1914 eum
767 1850 953 1913 dilexerant.
986 1849 1149 1933 Apparuit
1159 1859 1263 1913 autem

313 1953 424 2018 diesis
445 1954 539 2018 tertia
553 1954 668 2016 iterum
689 1951 791 2026 vivus,
808 1949 981 2014 secundum
1002 1947 1090 2033 quod
1111 1948 1264 2015 divinitus

311 2055 456 2141 inspirati
476 2051 719 2141 prophetae,ch
741 2052 820 2130 haec,
835 2051 885 2114 vel
900 2051 962 2114 alia
983 2049 1022 2113 de
1038 2074 1075 2113 eo
1097 2051 1265 2115 innumera

311 2156 464 2221 miracula
480 2155 590 2219 sutura
605 2178 672 2218 esse
694 2154 920 2238 praedixerant.
960 2152 1068 2215 Sedet
1092 2152 1123 2214 in
1140 2151 1263 2216 hodier-

311 2278 387 2320 num
404 2257 488 2320 diem
506 2256 771 2335 Christianorum,
788 2259 843 2341 qui
858 2254 899 2317 ab
921 2277 958 2317 eo
978 2255 1155 2340 nuncupati
1176 2268 1260 2332 sunt,

311 2368 342 2421 et
358 2379 472 2423 nomen
489 2367 666 2442 perseverat
682 2368 714 2419 et
729 2378 840 2439 genus.

354 2629 434 2711 Cap.
454 2634 501 2692 10.
525 2628 577 2691 De
600 2631 801 2710 Vespasiano,
815 2630 873 2708 qui
887 2628 1041 2689 claudum
1057 2634 1087 2690 et
1101 2648 1218 2690 cecum

650 2749 780 2792 curasse
794 2730 922 2808 legitur.

353 2861 590 2926 vesplsnson
606 2882 736 2944 quoque
756 2859 780 2920 J
782 2858 882 2922 udaeae
905 2870 1109 2935 vastatorem,
1126 2873 1261 2945 patrem·

310 2985 371 3048 que
394 2962 475 3038 Titi,
491 2962 786 3045 Hierosolymorum
802 2959 934 3045 piissimi
950 2962 1114 3038 eversoris,
1131 2975 1167 3026 ut
1188 2965 1257 3048 qui·

308 3061 442 3126 busdam
466 3060 672 3147 scriptoribus
694 3060 828 3145 placuit,
848 3059 1084 3137 miraculorum,
1102 3062 1199 3146 signis
1217 3064 1275 3142 ad,

306 3164 480 3228 faciendam
502 3163 674 3228 vindictam
691 3163 722 3226 in
745 3161 938 3238 nationibus,
955 3162 1016 3226 Dei
1038 3163 1160 3249 digitus
1174 3170 1259 3230 exci-

305 3267 396 3330 tavit.
436 3269 547 3353 Ipsum
564 3288 702 3350 namque
717 3264 852 3329 necdum
870 3265 1112 3351 Imperatorem,
1126 3267 1257 3353 quidam

305 3389 322 3430 e
351 3367 443 3453 plebe
477 3369 652 3433 luminibus
684 3369 827 3444 orbatus,
851 3368 993 3451 itemque
1023 3368 1103 3432 alius
1128 3370 1260 3436 claudus

305 3490 397 3532 crure
409 3468 532 3546 debilis,
545 3471 704 3534 sedentem
722 3492 779 3557 pro
796 3470 950 3534 tribunali
965 3469 1084 3556 pariter
1098 3471 1258 3550 adierunt,

304 3580 430 3632 orantes
444 3591 537 3654 opem
557 3570 744 3648 valetudini,
760 3593 797 3634 eo
817 3568 906 3656 quod
922 3569 982 3634 sibi
1002 3569 1085 3634 soret
1100 3570 1132 3633 in
1150 3572 1265 3656 quietex

304 3680 527 3744 monstratum,
542 3669 651 3732 oculos
665 3670 892 3746 restituendos,
903 3673 929 3734 si
944 3693 998 3734 eos
1009 3669 1062 3733 ille
1077 3671 1257 3756 inspiceret,

304 3782 336 3835 et
356 3793 431 3835 crus
452 3769 548 3834 debili
571 3769 798 3846 roborandum,
815 3769 840 3834 si
862 3770 945 3834 illud
967 3770 1155 3856 dignaretur
1173 3772 1258 3836 calce

304 3874 497 3958 contingere.
529 3871 705 3936 Orantibus
720 3871 839 3951 amicis,
848 3872 970 3936 invitus
986 3870 1068 3948 licet,
1083 3883 1257 3957 utrumque

303 3974 457 4050 tentavit3
482 3997 539 4038 nec
553 3973 657 4038 defuit
672 3986 813 4039 eventus.
852 3973 1029 4059 Imperium
1046 3996 1174 4061 quoque
1187 3976 1258 4061 ejus

304 4089 335 4138 et
353 4076 500 4140 interitus
516 4075 635 4140 Vitellii
657 4087 688 4139 et
705 4076 853 4157 Othonis,
867 4072 925 4161 qui
945 4073 1030 4138 saedo
1046 4074 1165 4138 Neroni
1187 4098 1258 4140 suc·

302 4192 468 4258 cesserant,
494 4177 642 4264 pluribus
670 4177 846 4242 coelestium
878 4177 976 4263 signis
1007 4175 1256 4263 praenunciatum

302 4287 362 4350 est,
378 4277 409 4338 et
425 4300 484 4361 pro
499 4291 589 4362 parte
605 4277 779 4362 stupendis.
