3575 5575
337 820 408 866 aar.
424 801 497 880 v11.]
703 817 958 865 marcuarrous.
1228 807 1293 867 986

337 971 761 1053 necegressussumostium.
786 971 821 1034 Si
831 970 999 1034 adversum
1010 992 1060 1034 me
1070 981 1154 1035 terra
1163 970 1292 1051 clamat,

336 1083 452 1135 etcum
467 1073 537 1158 ipsa
551 1071 631 1136 sulci
646 1073 716 1158 ejus
731 1069 870 1145 deflent3
904 1071 929 1134 si
945 1071 1071 1136 fructus
1085 1073 1156 1160 ejus
1169 1071 1291 1137 comedi

336 1172 457 1259 absque
477 1176 624 1259 pecunia,
642 1186 675 1238 et
697 1173 832 1237 animam
857 1171 1068 1257 agricolarum
1091 1175 1160 1261 ejus
1181 1173 1293 1253 afflixi,

336 1296 395 1359 pro
404 1274 566 1339 frumento
574 1275 697 1339 oriatur
707 1273 784 1339 milri
793 1273 946 1352 tribulus,
954 1286 986 1339 et
996 1296 1054 1362 pro
1063 1274 1184 1340 hordeo
1192 1274 1294 1363 spina.

339 1380 388 1439 An
405 1398 468 1439 non
484 1375 587 1441 credis
602 1398 675 1439 eum
695 1374 861 1440 ambulare
874 1375 907 1437 in
922 1375 1091 1441 latitudine
1112 1375 1294 1441 delitiarum

338 1477 412 1553 Dei,
435 1476 491 1563 qui
513 1476 554 1540 de
576 1475 672 1540 corde
693 1497 788 1562 puro,
803 1488 835 1539 et
857 1475 1047 1542 conscientia
1067 1476 1162 1554 bona,
1179 1490 1210 1542 et
1231 1477 1296 1542 lide

338 1600 401 1641 non
416 1577 503 1654 licta,
519 1578 580 1642 sub
594 1578 822 1664 imprecatione
841 1590 932 1642 tanta
951 1576 992 1641 de
1014 1601 1047 1642 se
1068 1579 1131 1642 ista
1152 1578 1295 1644 fatetur?

339 1678 420 1754 Quis
445 1678 578 1743 istorum
610 1680 779 1742 verborum
806 1677 965 1742 desiderat
991 1678 1295 1765 interpretationem,

339 1792 396 1844 aut
411 1783 443 1844 in
460 1792 549 1844 tanta
566 1779 723 1844 virtutum
738 1779 810 1843 luce
825 1801 888 1842 non
905 1778 1015 1843 videt?
1042 1778 1186 1845 Nimium
1203 1779 1296 1865 plane

340 1880 437 1946 hebes
452 1893 512 1958 est,
524 1893 557 1946 et
572 1881 677 1947 obtusi
692 1880 823 1966 ingenii,
834 1881 887 1944 cui
903 1902 960 1967 per
976 1903 1008 1946 se
1022 1880 1084 1945 ista
1098 1902 1162 1945 non
1176 1879 1295 1948 lucent.

341 1985 379 2047 In
398 2004 497 2046 unum
514 1982 565 2046 hic
580 1981 719 2068 plurima
732 1992 959 2067 congeruntur,
969 2003 1108 2067 quorum
1120 1983 1171 2046 rel
1183 2005 1296 2061 unum,

340 2085 450 2150 orbem
481 2084 641 2170 quendam
672 2084 831 2148 illustrare
860 2087 1028 2150 sufficeret.
1074 2084 1109 2151 Si
1139 2084 1298 2173 principes

340 2187 432 2272 plura
443 2188 559 2272 legere,
571 2186 617 2250 vel
630 2186 741 2251 audire
750 2185 931 2262 fastidiunt,
941 2185 1050 2251 saltem
1067 2186 1127 2250 hoc
1135 2186 1297 2252 tantillum

340 2290 458 2376 legant,
484 2289 629 2370 audiant,
656 2302 689 2353 et
714 2288 921 2374 inquisitione
950 2288 1097 2374 diligenti
1124 2288 1297 2356 discutiant

340 2392 418 2457 dum
429 2391 604 2456 imitentur.
636 2390 790 2476 Sequitur
800 2389 883 2453 enim
896 2389 928 2452 in
941 2389 1068 2454 eodem:
1095 2388 1128 2453 Si
1140 2389 1299 2456 audierint

342 2514 444 2578 reges,
471 2505 504 2557 et
527 2490 766 2556 observaverint
792 2512 901 2554 vocem
930 2490 1071 2570 Domini,
1092 2491 1300 2577 complebunt

342 2594 412 2658 dies
427 2617 502 2659 suos
516 2593 549 2656 in
564 2593 660 2670 bono,
675 2607 706 2657 et
727 2613 826 2656 annos
841 2615 915 2656 suos
935 2595 968 2655 in
983 2592 1096 2676 gloria.
1141 2592 1176 2658 Si
1191 2605 1299 2658 autem

343 2719 406 2760 non
418 2695 589 2773 audierint,
603 2695 785 2759 transibunt
798 2716 855 2780 per
870 2692 1024 2777 gladium,
1033 2705 1064 2758 et
1076 2706 1301 2759 consumentur

346 2796 496 2864 stultitia.
526 2795 666 2861 Videsne
680 2796 844 2862 inutilium
859 2818 970 2881 regum
984 2795 1144 2883 duplicem
1156 2796 1301 2862 exitum?

344 2904 411 2965 Aut
427 2898 510 2964 enim
526 2922 583 2985 per
598 2898 742 2984 gladium
758 2911 936 2979 transeunt,
950 2912 1007 2964 aut
1029 2897 1166 2964 stultitia
1187 2922 1302 2965 oonsu-

344 3012 488 3065 muntur.
526 3004 572 3066 Et
586 3013 670 3065 recte
683 3001 835 3066 dicuutur
850 3000 984 3065 transire
999 3023 1057 3087 per
1071 3000 1227 3086 gladium,
1236 3023 1301 3065 uon

345 3101 443 3183 finiri,
456 3124 495 3164 eo
509 3100 597 3187 quod
617 3101 745 3186 gladius
760 3100 853 3187 quasi
874 3100 1006 3186 quidam
1022 3102 1176 3167 transitus
1195 3113 1243 3166 est
1257 3101 1304 3166 eis

345 3204 387 3268 ad
407 3203 526 3282 locum,
550 3203 606 3268 ubi
629 3202 808 3269 secundum
831 3201 1072 3269 multitudinem
1094 3202 1302 3289 iniquitatum

344 3329 488 3389 suarum,
499 3318 644 3392 potentes
659 3318 807 3393 potenter
821 3305 1012 3393 puniuntur.
1043 3304 1107 3371 Sed
1119 3318 1151 3370 et
1165 3304 1304 3370 stultitia

344 3410 503 3475 consumit
532 3410 659 3497 impios,
680 3409 757 3495 quia
781 3409 815 3474 in
842 3409 1044 3496 depressione
1069 3408 1180 3495 populi
1205 3408 1304 3474 robur

346 3511 499 3597 principis
513 3524 692 3577 enervatur.
737 3512 884 3599 Populus
898 3535 1038 3597 namque
1057 3514 1227 3588 contritus,
1242 3510 1302 3575 eri-

347 3633 423 3697 gere
438 3611 520 3675 vires
533 3611 686 3697 principis
698 3635 763 3676 non
778 3625 894 3698 potest,
908 3627 965 3678 aut
979 3635 1041 3677 non
1056 3612 1138 3678 vult.

351 3952 430 4036 Cap.
447 3961 477 4017 7.
502 3953 584 4021 Quae
605 3952 691 4013 molo
715 3951 766 4014 ael
788 3952 870 4013 bono
891 3948 1038 4035 sutjectts
1057 3954 1248 4035 prweniont
1269 3954 1309 4018 de

391 4056 533 4118 mwibua
551 4056 760 4137 principum:
790 4054 876 4135 quod
896 4061 928 4118 et
953 4056 1133 4137 aliquorum
1155 4060 1307 4137 stratege-

352 4183 355 4187 ⁴
394 4158 516 4220 melicis
532 4157 700 4220 roboratur
713 4157 877 4239 coemptis.

396 4310 515 4391 QUASI,
532 4312 647 4401 inquit,
662 4313 717 4401 qui
733 4312 833 4379 mittit
847 4312 988 4399 lapidem
1003 4313 1036 4377 in
1051 4334 1200 4379 acervum
1220 4310 1307 4376 Mer-

353 4413 442 4493 curii,
458 4414 503 4479 sic
525 4416 581 4501 qui
596 4415 652 4480 dat
671 4415 833 4500 insipienti
852 4416 1016 4483 honorem.
1060 4415 1132 4479 Hoc
1147 4436 1167 4481 a
1181 4412 1311 4481 diversis
