3575 5575
492 787 555 849 2⁵8
759 797 897 843 rosunrs
913 791 1194 840 ssnssusuruusrs
1306 775 1390 849 [mu.
1415 791 1459 835 ιν.

502 1102 581 1184 Cap.
596 1102 645 1160 12.
660 1095 717 1159 En
728 1096 842 1176 quibus
857 1097 966 1157 causis
981 1096 1227 1177 transferantur
1239 1093 1459 1174 principatus,

903 1205 932 1258 et
950 1216 1063 1276 regna.

542 1363 703 1427 Cursorne
718 1370 766 1421 est
781 1354 863 1419 illud
883 1355 1066 1440 Sapientiae,
1081 1351 1159 1441 quio
1176 1376 1311 1441 regnum
1327 1378 1346 1420 s
1362 1370 1457 1442 gente
1541 1345 1546 1366 ⁴

501 1463 533 1526 in
549 1472 676 1545 gentem
689 1457 879 1522 transfertur
889 1469 1021 1542 propter
1032 1457 1218 1543 injustitias,
1228 1470 1261 1523 et
1275 1459 1416 1544 injurius,
1425 1471 1458 1524 et

500 1559 716 1634 contumelias,
739 1570 772 1623 et
798 1557 940 1621 diversos
965 1556 1065 1624 dulos.
1111 1557 1225 1623 Nonne
1248 1558 1336 1623 vides
1359 1577 1455 1646 quem

501 1663 591 1728 breri
618 1661 806 1726 subversum
837 1660 878 1724 sit
905 1658 1019 1724 solium
1048 1661 1143 1746 primi
1170 1659 1254 1748 regis
1278 1662 1312 1726 in
1339 1661 1459 1747 populo

504 1767 587 1831 Dei?
619 1763 693 1830 Saul
709 1776 740 1828 et
756 1763 915 1828 Jonathas
930 1784 1003 1826 cum
1019 1762 1141 1828 caeteris
1156 1763 1240 1842 filiis,
1255 1759 1457 1849 exigentibus

503 1868 616 1955 culpis,
641 1868 675 1930 in
704 1865 870 1930 montibus
899 1875 1099 1938 corrnerunt,
1130 1877 1166 1928 ut
1196 1865 1331 1930 thronus
1359 1865 1458 1943 itlius,

505 1969 612 2055 quide
623 1980 695 2052 post
710 1966 861 2031 foetantes
878 1965 998 2031 electus
1016 1978 1075 2039 est,
1089 1966 1278 2031 firmaretur.
1309 1966 1460 2031 Omnium

504 2068 706 2133 historiarum
733 2085 883 2150 percurre
909 2067 1033 2143 seriem,
1056 2078 1088 2132 et
1113 2089 1224 2152 regum
1249 2065 1459 2132 successiones

505 2170 537 2233 in
564 2169 654 2233 brevi
675 2167 810 2242 ridebis,
832 2182 864 2232 et
887 2168 981 2253 qussi
1005 2169 1037 2231 in
1061 2168 1193 2232 exordio
1215 2169 1299 2250 teloe,
1321 2169 1460 2234 Domino

504 2269 709 2355 presidente,
725 2267 871 2334 succisas.
916 2271 961 2332 Et
977 2291 1044 2354 quo
1061 2291 1153 2354 reges
1168 2269 1289 2334 fuerint
1303 2271 1460 2353 clariores,

506 2397 544 2437 eo
558 2372 663 2446 citius,
680 2369 705 2435 si
721 2370 874 2434 adversus
895 2373 1000 2434 Deum
1019 2370 1242 2447 intumuerint,
1257 2372 1460 2436 conculcetur

506 2495 610 2538 semen
625 2494 746 2536 eorum.
792 2475 865 2535 Non
886 2483 934 2534 est
955 2471 1119 2557 sapientia,
1134 2493 1196 2535 non
1217 2484 1265 2536 est
1280 2473 1460 2556 prudentie,

505 2595 569 2640 non
591 2586 638 2639 cst
661 2573 825 2638 consilium
849 2585 960 2637 contro
982 2573 1169 2651 Dominum,
1185 2586 1269 2640 certe
1291 2595 1347 2638 nec
1369 2573 1461 2638 forti·

506 2679 597 2743 tudo.
643 2678 677 2744 Si
690 2677 746 2741 ille
766 2675 915 2761 insurgit,
932 2675 957 2738 si
977 2675 1192 2761 persequitur,
1208 2676 1248 2740 ed
1266 2676 1461 2740 emendicata

506 2793 774 2847 sacramentorum
789 2778 955 2864 suffragia,
972 2791 1003 2842 et
1026 2778 1066 2843 ad
1083 2778 1231 2865 praesidia
1246 2781 1458 2845 munitionum

507 2884 628 2948 trustra
647 2883 839 2961 decurritur,
859 2882 936 2967 quin
955 2900 1017 2944 non
1038 2892 1097 2961 est,
1118 2880 1175 2966 qui
1197 2882 1237 2946 de
1260 2902 1355 2948 menn
1374 2882 1460 2949 illius

507 2988 606 3070 possit
621 3005 739 3048 eruere.
785 2983 866 3059 Quis
879 2980 1064 3045 Alexandro
1080 2982 1180 3066 major
1194 2982 1226 3045 in
1239 2984 1385 3049 Grecis?
1415 2989 1460 3049 Et

508 3100 615 3150 tumen
638 3106 701 3148 non
725 3106 802 3147 suns
824 3082 943 3168 legitur
967 3082 1160 3164 successisse,
1184 3085 1237 3149 sed
1263 3087 1347 3153 filius
1369 3089 1463 3152 selte-

507 3188 604 3254 tricis.
649 3189 730 3262 Quis
751 3190 909 3252 Cresureoe
928 3184 1045 3249 domus
1068 3185 1179 3250 seriem
1196 3188 1317 3253 nescit?
1356 3190 1462 3254 Rarus

508 3311 630 3370 eorum,
649 3303 707 3355 aut
729 3288 839 3353 nullus
857 3287 958 3352 filium
979 3288 1110 3375 reliquit
1130 3290 1288 3372 herodem,
1302 3304 1334 3356 et
1353 3313 1462 3357 omnes

507 3392 542 3455 in
557 3390 645 3455 brevi
665 3403 737 3475 post
753 3390 840 3453 vario
859 3389 1012 3475 pericula,
1031 3403 1063 3453 ot
1086 3391 1188 3455 caedes
1208 3393 1269 3468 sui,
1285 3406 1317 3458 et
1332 3410 1462 3459 suorum

508 3490 664 3579 plurimas
678 3489 811 3554 diversis
826 3491 995 3571 mortibus,
1005 3505 1037 3556 et
1052 3492 1119 3556 fere
1133 3491 1360 3578 ignominiosis,
1370 3498 1461 3581 quusi

508 3592 541 3655 in
563 3602 722 3656 momento
743 3589 840 3655 deleti
863 3610 949 3669 sunt,
971 3605 1003 3657 et
1024 3592 1249 3659 descendentes
1271 3592 1311 3659 ed
1334 3594 1461 3673 inferos,

509 3712 702 3758 successores
721 3690 902 3755 habuerunt
923 3706 978 3757 eut
1000 3694 1108 3759 h'ostes
1128 3708 1185 3762 sut
1207 3695 1349 3781 ignotos:
1375 3696 1460 3772 Quid

508 3798 639 3863 obsecro
664 3808 729 3861 tam
760 3796 903 3881 potentia
929 3818 1038 3881 regns,
1064 3812 1127 3863 turn
1154 3802 1218 3865 cito
1244 3800 1399 3866 subvertit
1429 3812 1461 3865 et

510 3897 697 3963 transtulit?
734 3898 830 3962 Certe
850 3895 1027 3981 indignatio
1049 3903 1121 3977 Dei,
1137 3924 1233 3986 quarn
1255 3904 1287 3965 in
1310 3926 1342 3967 se
1357 3901 1462 3967 multi·-

509 3996 585 4082 plex
607 3997 766 4082 injustitia
790 3999 996 4082 provocabat.
1051 4005 1112 4065 Est
1139 4014 1245 4066 sutem
1272 4004 1319 4079 (ut
1348 4004 1461 4069 Stoicis

509 4098 630 4182 placet)
646 4096 803 4181 injustitia
822 4101 937 4163 mentis
956 4099 1096 4182 habitus,
1111 4124 1185 4187 quae
1206 4125 1227 4166 n
1246 4104 1374 4189 regione
1396 4127 1464 4169 mo-

510 4220 582 4262 rum
601 4195 792 4261 exterminet
812 4200 1007 4285 aequitatem.
1062 4201 1212 4266 Animum
1238 4225 1377 4288 namque
1400 4205 1464 4289 pri-

510 4322 585 4365 vsre
595 4297 735 4386 justitie,
749 4300 798 4363 vel
813 4324 852 4364 ex
869 4302 1028 4387 privativa
1043 4304 1200 4390 particula
1210 4304 1345 4369 nominis
1360 4304 1463 4370 decla-

398 4414 406 4427 '
509 4415 609 4467 ratur.
657 4402 697 4464 In
718 4423 756 4463 eo
776 4414 882 4466 sutem
906 4403 1042 4468 maxime
1059 4405 1188 4491 justitia
1207 4420 1344 4487 constat,
1360 4411 1386 4474 si
1401 4431 1463 4474 non
