3575 5575
471 762 531 820 110
726 772 1157 821 ronnu1sssnnsunnmus1s
1281 759 1367 834 [Lm.
1383 776 1420 820 11.

467 923 709 1008 complectatur,
719 924 752 988 in
764 947 865 1009 eoque
882 936 1003 1010 patrem
1017 924 1172 988 luminum
1189 924 1348 1009 sequitur,
1364 925 1420 988 sed

468 1047 531 1090 nou
543 1026 689 1110 passibus
704 1025 815 1111 aequis,
829 1047 928 1110 quum
938 1025 989 1088 hic
1001 1024 1121 1101 multis,
1137 1024 1190 1089 ille
1201 1046 1277 1089 vero
1292 1025 1422 1089 omnino

468 1127 551 1192 nulli
572 1125 674 1193 motui
695 1128 853 1192 obnoxius
879 1128 930 1192 sit.
976 1129 1083 1206 Quum
1107 1151 1182 1191 vero
1211 1126 1326 1190 dirinae
1349 1127 1423 1190 sirn-

469 1228 621 1314 plicitatis
638 1238 784 1315 aspectus
802 1227 1044 1293 innumerabilia
1058 1229 1198 1309 claudat,
1214 1251 1278 1291 una
1292 1241 1417 1292 tantum

469 1343 528 1408 est,
551 1345 583 1396 et
605 1330 770 1395 individua
785 1330 964 1394 substantia
978 1329 1183 1414 praescientis,
1202 1330 1296 1415 eique
1318 1352 1420 1393 essen-

470 1429 586 1496 tialiter
598 1455 670 1507 una,
687 1453 786 1517 quum
798 1431 857 1495 sibi
874 1431 914 1495 sit
924 1431 1008 1494 idern
1017 1453 1094 1507 esse,
1106 1443 1139 1495 et
1154 1431 1326 1516 sapientem
1343 1453 1420 1495 esse.

470 1531 621 1616 Alioquin
640 1531 739 1616 fingat
754 1531 810 1617 qui
825 1543 941 1616 potest,
958 1531 1031 1616 quis
1045 1532 1114 1595 haec
1129 1531 1254 1595 diversa
1267 1531 1423 1616 conjunx·

469 1631 540 1704 erit,
556 1654 612 1696 nec
627 1632 731 1718 prima
749 1655 855 1696 rerum
873 1632 1017 1696 omnium
1032 1655 1127 1698 causa
1141 1632 1212 1709 erit,
1228 1653 1302 1718 quae
1317 1642 1354 1696 ut
1369 1632 1421 1707 sit,

469 1733 699 1820 conjunctionis
725 1731 917 1798 adminiculo
942 1746 1024 1819 eget.
1070 1737 1237 1800 Creaturae
1262 1757 1337 1797 vero
1363 1735 1421 1799 sci-

471 1836 567 1911 entia,
579 1834 673 1921 longe
684 1835 820 1921 disparis
830 1835 1020 1900 conditionis
1030 1849 1089 1901 est.
1121 1835 1255 1921 Spiritui
1266 1835 1419 1921 siquidem

472 1950 504 2003 et
519 1937 632 2002 animae
646 1960 709 2002 non
732 1951 779 2002 est
801 1939 886 2003 idem
902 1961 979 2015 esse,
1002 1952 1035 2002 et
1046 1939 1195 2002 scientem
1218 1961 1295 2013 esse,
1319 1959 1421 2023 quum

472 2039 577 2104 anima
601 2040 789 2127 disponatur
814 2041 854 2104 ad
881 2041 1093 2127 cognitionem
1120 2063 1238 2117 rerum,
1265 2063 1365 2126 eaque
1392 2043 1421 2103 si

472 2140 612 2206 radicata
623 2140 729 2218 luerit,
746 2161 794 2220 ut,
810 2143 914 2228 primo
928 2142 1102 2206 affectionis
1117 2156 1206 2207 motu
1215 2141 1420 2216 invalescens,

472 2256 529 2308 aut
558 2245 696 2322 omnino,
723 2258 779 2311 aut
809 2245 875 2308 sine
900 2244 1018 2330 injuria
1047 2258 1172 2308 naturae
1198 2243 1332 2308 convelli
1357 2265 1421 2306 non

473 2348 584 2432 possit,
607 2345 718 2411 habitu
746 2370 803 2411 suo
827 2346 978 2411 informat
1008 2347 1157 2425 animam,
1178 2346 1339 2429 faciatque
1364 2346 1423 2408 sci-

473 2462 586 2512 entem.
632 2451 697 2514 Hic
716 2472 792 2534 ergo
812 2449 952 2524 habitus,
968 2449 1141 2513 rectissime
1163 2447 1292 2510 scientia
1313 2445 1423 2531 appel-

473 2549 570 2627 latur,
585 2549 658 2615 licet
673 2563 705 2616 et
720 2574 769 2614 res
785 2551 935 2636 subjectae
950 2550 1112 2616 interdurn
1135 2549 1274 2612 scientiae
1295 2548 1421 2610 nomine

472 2664 668 2717 censeantur.
714 2651 810 2718 Unde
832 2664 865 2716 et
890 2649 1027 2716 vicissim
1052 2650 1234 2715 nominibus
1254 2649 1421 2724 mutuatis,

472 2752 559 2841 quod
583 2755 677 2820 unius
699 2768 758 2832 est,
783 2755 896 2819 transit
918 2753 959 2818 ad
982 2753 1127 2818 alterum.
1174 2751 1226 2816 Sic
1247 2753 1366 2836 ,utique
1390 2764 1422 2816 et

471 2856 603 2919 scientia
614 2856 731 2920 dicitur
751 2855 864 2933 multa,
880 2878 982 2941 quum
994 2867 1100 2919 tamen
1110 2852 1296 2928 multitudo,
1317 2874 1422 2915 rerum

473 2955 692 3041 potiusquam
713 2956 851 3021 scientiae
866 2958 916 3021 sit.
963 2957 996 3020 Si
1016 2978 1093 3041 ergo
1107 2954 1270 3041 sapientise
1286 2954 1347 3020 Dei
1366 2954 1425 3017 im·

473 3057 622 3123 mensitas
636 3073 668 3122 et
684 3057 868 3145 simplicitas
887 3058 1084 3132 attendatur,
1100 3080 1164 3121 una
1178 3071 1226 3122 est
1241 3056 1374 3142 simplex
1390 3070 1422 3121 et

473 3156 649 3225 individua.
689 3162 722 3225 Si
738 3160 970 3247 subjacentium
991 3158 1178 3237 multitudo,
1192 3157 1361 3241 multiplex
1376 3171 1423 3221 est

476 3273 508 3324 et
533 3262 745 3327 multiformis.
792 3262 843 3327 Sic
873 3263 968 3326 etiam
996 3261 1021 3326 si
1048 3259 1257 3327 substantiam
1288 3257 1423 3323 volentis

475 3374 532 3428 aut
546 3366 683 3450 potentis
706 3388 771 3451 qua
792 3366 873 3441 vult,
891 3378 949 3429 aut
963 3375 1081 3451 potest,
1102 3361 1260 3436 attendas,
1284 3382 1349 3423 una
1372 3374 1421 3426 est

474 3465 622 3531 voluntas
644 3478 676 3531 et
697 3479 848 3552 potestas.
893 3466 928 3533 Si
953 3490 1026 3553 quae
1052 3464 1123 3529 vult
1148 3477 1181 3529 et
1207 3486 1280 3549 quae
1304 3474 1421 3549 potest,

474 3566 618 3633 infinitus
639 3568 781 3632 omnium
803 3591 953 3634 numerus
973 3580 1040 3648 est3
1065 3569 1164 3653 juxta
1185 3564 1264 3631 illud
1286 3564 1423 3651 prophe-

474 3670 585 3749 ticum,
609 3675 750 3757 Magnus
776 3675 936 3737 Dominus
960 3684 992 3737 et
1018 3693 1135 3757 magna
1157 3670 1261 3735 virtus
1283 3670 1363 3755 ejus,
1389 3680 1422 3730 et

474 3774 636 3859 sapientiae
658 3776 728 3862 ejus
750 3798 813 3839 non
835 3788 883 3840 est
910 3794 1069 3838 numerus.
1115 3774 1274 3858 Itemque,
1302 3772 1426 3854 Magna

475 3897 572 3959 opera
593 3877 736 3955 Domini,
759 3877 922 3964 exquisito
947 3876 978 3940 in
1004 3898 1113 3940 omnes
1137 3874 1318 3937 voluntates
1343 3872 1424 3956 ejus.

477 3977 523 4039 Et
533 3974 624 4058 illud,
635 3979 714 4055 Quis
723 3979 874 4063 loquetur
882 3979 1042 4067 potentias
1053 3976 1204 4042 Domini?
1228 3976 1424 4038 Haecautem

476 4098 527 4140 res
548 4077 715 4143 uniformis
736 4094 767 4145 et
788 4081 886 4158 varia,
911 4081 985 4146 licet
1008 4080 1109 4145 totius
1131 4076 1290 4142 varietatis
1314 4073 1426 4157 ignara

477 4179 530 4259 sit,
544 4179 639 4245 variis
659 4193 764 4245 tomen
786 4182 966 4247 nominibus
984 4180 1177 4269 appellatur,
1194 4177 1248 4243 sed
1271 4197 1312 4241 ex
1332 4174 1427 4239 variis

476 4282 588 4348 causis.
634 4282 772 4349 Scientia
794 4284 951 4371 siquidem
973 4298 1005 4350 et
1027 4281 1235 4371 praescientia,
1252 4276 1429 4365 dispositio,

476 4388 689 4475 providentia,
710 4400 742 4451 et
764 4387 1002 4475 praedestinatio
1023 4386 1236 4451 nominantur.
1283 4381 1346 4446 Sed
1369 4378 1426 4443 sci·
