3575 5575
354 781 426 827 cue.
443 768 490 842 v.]
707 781 964 829 rouronarrcns,
1269 772 1310 829 33

356 935 462 999 sumit.
506 936 549 999 At
573 935 601 998 si
627 934 705 997 alios
732 934 918 1017 diligentius
948 937 1093 1011 intueris,
1118 947 1312 1000 consumunt

355 1048 386 1101 et
402 1038 508 1114 vitam,
525 1050 597 1120 quae
620 1035 652 1099 in
675 1035 808 1119 ineptiis
830 1050 862 1101 et
883 1038 1080 1101 factionibus
1102 1048 1158 1101 aut
1178 1037 1309 1120 flagitiis

354 1150 422 1202 tota
447 1146 596 1201 versatur.
641 1138 759 1201 Nonne
789 1138 848 1202 tibi
873 1138 998 1203 videtur
1023 1141 1144 1227 aleator
1168 1138 1309 1222 ineptus,

353 1240 409 1321 qni
431 1246 620 1302 'tesserarum
642 1259 707 1301 non
731 1250 796 1302 tam
811 1239 897 1318 vivit,
917 1260 1015 1324 quam
1037 1240 1120 1324 perit
1135 1262 1179 1303 ex
1194 1240 1306 1321 gratia,

264 1389 270 1397 .
353 1352 385 1405 et
406 1350 532 1403 omnem
550 1330 675 1424 jactum
697 1341 790 1403 sortis
809 1360 878 1404 'suae
901 1343 1070 1424 praesulem
1093 1340 1191 1406 facit?
1215 1351 1305 1404 estne

351 1464 402 1506 ars
418 1440 627 1506 accommoda
641 1440 765 1515 rationi,
778 1441 871 1526 cujus
886 1452 1006 1525 quanto
1021 1443 1158 1527 quisque
1173 1442 1304 1506 studen-

352 1545 422 1620 tior,
447 1553 536 1605 tanto
562 1541 622 1604 erit
646 1538 889 1605 exstudiosior?
926 1542 1052 1625 Qus
1078 1544 1250 1621 Asiaticus,
1277 1544 1305 1605 si

352 1642 518 1725 gentilium
540 1641 680 1703 historiis
703 1641 851 1714 creditur,
874 1641 960 1705 hanc
982 1642 1117 1706 ludendi
1138 1645 1304 1708 lasciviam

351 1741 654 1815 diciturinvenisse‚
669 1742 710 1805 ab
733 1742 888 1805 exercitio
910 1762 1111 1807 numerorum
1137 1744 1305 1827 paululum

351 1847 479 1910 deflexa
494 1844 635 1908 materia.
682 1843 788 1916 Quum
804 1844 889 1906 euim
906 1842 1101 1927 antiquiores
1115 1846 1196 1909 illud
1212 1862 1302 1909 exer·

351 1938 463 2013 citium
473 1940 632 2010 duntaxat
641 1946 865 2029 approbarent,
875 1946 963 2029 quod
975 1945 1016 2009 ad
1025 1947 1302 2030 investigationem

352 2050 419 2113 veri
441 2046 691 2131 disciplinasque
712 2046 858 2110 liberales
881 2047 1064 2131 proficeret,
1078 2050 1129 2112 vel
1150 2058 1237 2113 recte
1259 2050 1305 2112 vi·

353 2150 450 2215 vendi
469 2150 640 2213 instrueret
663 2168 767 2227 usum,
785 2146 837 2211 hic
863 2149 973 2213 subtili
996 2149 1135 2234 quidem,
1155 2151 1235 2214 licet
1257 2150 1306 2212 in·

351 2255 514 2317 fructuosa
539 2250 736 2323 inventione,
758 2251 873 2314 veteris
896 2252 1042 2316 exercitii
1067 2250 1213 2316 duritiam
1239 2272 1305 2314 non

351 2354 548 2437 temperavit,
569 2350 628 2416 sed
654 2352 817 2425 emollivit,
842 2351 953 2417 multis
977 2354 1083 2418 adhue
1113 2354 1147 2417 in
1171 2354 1305 2437 pristina

351 2452 554 2518 manentibus
568 2452 733 2535 gravitate.
764 2454 790 2516 A
804 2453 952 2517 manibus
966 2474 1105 2538 namque
1117 2457 1304 2519 Graecorum

350 2548 471 2635 sabucus
500 2552 644 2618 nondum
674 2553 809 2629 excidit,
837 2566 893 2617 aut
921 2554 1000 2618 ratio
1029 2556 1222 2632 calculandi,
1247 2568 1303 2620 aut

349 2658 447 2721 ludus
469 2655 502 2718 in
525 2678 589 2740 quo
612 2656 706 2738 plene
723 2656 836 2719 vicisse
858 2667 917 2733 est,
932 2654 973 2719 ad
995 2657 1221 2720 denunciatum
1237 2660 1303 2721 cal·

348 2759 468 2834 culum,
484 2756 515 2818 in
532 2754 656 2838 campis
670 2752 843 2816 adversarii
858 2754 1064 2818 constituisse
1080 2755 1253 2838 perlectam
1269 2767 1301 2820 et

348 2857 521 2920 maximam
545 2853 753 2917 harmoniam.
798 2852 905 2928 Quum
926 2855 1055 2917 veroin
1082 2854 1204 2918 eisdem
1228 2856 1300 2919 bar·

349 2957 479 3021 monica
488 2954 706 3029 Aritbmetica,
718 2954 768 3016 rel
778 2955 982 3018 Geometrica
991 2956 1084 3018 trium
1096 2955 1300 3020 terminorum

349 3059 518 3124 medietate
544 3058 677 3131 exultat,
705 3055 883 3140 semiplena
908 3057 1041 3120 victoria
1068 3067 1126 3123 est.
1172 3057 1301 3130 Quaevis

346 3162 499 3236 alearum,
515 3160 573 3224 etsi
595 3158 784 3241 contingant
806 3161 886 3250 citra
909 3159 1065 3244 triumphi
1087 3159 1231 3241 gloriam,
1245 3172 1301 3225 aut

347 3261 489 3326 ludentis
511 3261 707 3330 felicitatem.
730 3267 785 3322 aut
807 3261 882 3324 artis
905 3261 1050 3345 peritiam
1073 3270 1299 3344 protestantur.

345 3364 367 3428 J
370 3363 534 3428 noandum
564 3361 695 3447 quidem
725 3370 757 3424 et
787 3362 985 3426 fructuosum
1014 3373 1073 3441 est,
1098 3383 1299 3428 numerorum

347 3486 444 3529 nosse
454 3465 638 3540 conamina,
649 3465 704 3548 qui
717 3462 937 3548 depredationi
948 3465 1146 3529 inveniantur
1154 3466 1301 3545 obnoxii,

349 3578 466 3648 etqua
487 3566 607 3629 ratione
629 3566 664 3628 in
691 3566 803 3630 castris
825 3565 890 3629 sint
912 3566 968 3629 alii
991 3567 1133 3640 tutiores,
1157 3567 1299 3631 omnium

348 3665 563 3751 periculorum
578 3666 691 3747 ignari,
704 3667 767 3729 uisi
781 3667 862 3730 forte
873 3666 1081 3730 circumventi
1097 3667 1139 3730 ad
1153 3667 1300 3731 hostibus

347 3767 553 3852 captiventur.
585 3765 694 3848 Hujus
704 3766 867 3849 voluptate
875 3766 1068 3842 certaminis,
1078 3766 1300 3846 Ptolomaeum,
1328 3758 1331 3762 ’

346 3865 578 3942 Alexandrum,
593 3865 767 3940 caesarem,
784 3867 952 3945 Catonem,
970 3867 1077 3950 ipsum
1100 3888 1226 3952 quoque
1243 3867 1299 3933 Sa-

346 3969 444 4032 mium
460 3967 619 4050 graviores
630 3987 745 4051 operas
758 3966 893 4048 legimus
908 3977 1114 4050 temperasse,
1123 3988 1187 4051 quo
1202 3969 1299 4032 etiam

344 4071 427 4135 inter
441 4067 620 4133 ludendum
634 4065 668 4132 id
685 4079 826 4150 agerent,
837 4066 923 4132 unde
939 4078 1046 4132 essent
1060 4068 1299 4153 Philosophicis

347 4172 486 4252 negotiis
516 4171 664 4256 aptiores
704 4171 811 4261 EQ
827 4191 902 4233 sero
932 4170 1043 4234 exciso
1072 4191 1172 4253 regno
1203 4170 1301 4247 Asia,

344 4269 425 4332 inter
451 4272 618 4337 manubias
650 4292 768 4336 eversae
794 4273 883 4335 urbis
908 4294 975 4336 non
1002 4274 1062 4335 sub
1087 4293 1152 4335 una
1177 4280 1301 4335 tantum

344 4369 465 4453 specie,
480 4373 626 4454 migravit
642 4372 683 4437 ad
699 4374 844 4438 Graecos.
891 4373 982 4439 Hinc
998 4385 1129 4448 tessera,
1146 4372 1299 4445 calculus,

389 4488 463 4534 von.
479 4490 532 4534 111.
813 4493 834 4534 n
