3575 5575
346 831 479 912 car.v.]
718 847 970 896 rourcnsrrcus.
1235 835 1295 894 -171

345 1001 472 1064 lendum
487 999 636 1065 vanitatis
652 997 799 1084 spiritum
816 999 969 1084 proferat,
986 999 1011 1063 si
1027 1011 1063 1065 tu
1079 1002 1204 1064 aurium
1216 1000 1298 1078 vela,

344 1115 375 1166 et
392 1100 593 1168 latitudinem
612 1099 715 1166 cordis
738 1101 780 1165 ad
801 1114 959 1166 tumorem
979 1101 1221 1187 concipiendum
1243 1124 1301 1188 op-

344 1203 474 1290 pandas.
520 1204 565 1268 Et
587 1201 664 1288 quia
679 1200 830 1266 videntur
850 1201 891 1266 ab
914 1201 1072 1280 omnibus,
1088 1201 1213 1267 facilius
1232 1203 1301 1266 haec

346 1329 365 1369 a
379 1304 541 1392 plerisque
552 1304 703 1369 vanitatis
718 1304 872 1390 obsequia
886 1317 1147 1372 contemnuntur.
1178 1306 1303 1370 Verun-

345 1421 452 1471 tamen
467 1405 523 1469 illa
538 1406 640 1490 magis
655 1405 808 1482 timenda,
823 1405 899 1490 qnia
915 1405 1015 1490 magis
1029 1406 1204 1491 perniciosa
1218 1419 1305 1487 sunt,

348 1531 421 1594 quae
440 1506 581 1594 quodam
600 1505 734 1570 cautelae
750 1506 929 1570 velamento
949 1506 1124 1572 studiosius
1146 1508 1306 1572 occultan-

347 1623 413 1686 tur,
425 1623 456 1674 et
467 1609 559 1696 quasi
570 1607 631 1674 sub
642 1607 779 1692 imagine
791 1607 1016 1693 increpationis
1028 1610 1305 1690 autcorrectionis,

349 1709 521 1775 alteriusve
542 1709 650 1786 officii,
673 1722 730 1773 aut
747 1707 887 1787 virtutis,
909 1710 1067 1794 irrepunt.
1113 1709 1207 1788 Quod
1229 1733 1308 1774 non-

347 1811 465 1892 nullos,
491 1811 574 1876 dum
604 1809 856 1876 benevolentiam
893 1811 1136 1876 immoderatius
1163 1824 1306 1898 captant,

346 1914 459 1978 fecisse
474 1913 621 2000 repen'es.
658 1912 718 1977 Ait
733 1913 818 1976 enim
835 1912 969 1993 Laelius,
979 1935 1042 1976 non
1058 1911 1112 1977 ille
1129 1911 1213 1976 lator
1227 1913 1307 1997 legis

348 2011 507 2088 amicitiae,
524 2012 579 2076 scd
602 2035 711 2086 suasor
732 2011 808 2076 belli
831 2013 944 2094 civilis,
959 2026 991 2077 et
1011 2013 1131 2078 furoris
1153 2012 1307 2094 incentor,

343 2113 406 2197 qui
422 2125 455 2177 et
469 2113 511 2177 ab
526 2112 597 2178 aliis
611 2111 774 2178 Lentulus
788 2111 981 2199 appellatur,

454 2253 533 2316 Quod
545 2258 600 2306 tam
612 2253 684 2306 lenta
696 2249 756 2306 tuas
766 2254 853 2306 tenuit
863 2255 991 2326 patientia
1000 2254 1079 2319 vires,

341 2355 353 2364 ⁴⁴
455 2338 653 2408 Conquerimnr,
665 2339 757 2391 deerat
769 2356 802 2391 ne
814 2340 863 2392 tibi
873 2339 970 2392 fidncia
981 2341 1081 2393 nostri?

455 2424 527 2478 Dum
538 2430 626 2478 movet
636 2425 693 2478 haec
705 2424 804 2478 calidus
816 2426 943 2496 spirantia
954 2443 1059 2496 corpora
1071 2425 1188 2494 sanguis,
1250 2447 1253 2452 ·

455 2511 493 2562 Et
504 2511 565 2570 dum
575 2510 629 2582 pila
640 2509 727 2566 valent
739 2509 950 2580 fortestorqnere
961 2510 1061 2577 lacerti,

456 2598 624 2665 Degenerem
635 2600 735 2670 patiere
747 2603 846 2664 togam,
858 2615 1019 2666 regnumque
1029 2600 1154 2651 senatus?

456 2684 548 2750 Usque
560 2684 627 2735 adeo
639 2684 763 2735 miserum
774 2686 816 2733 est
827 2681 897 2734 civili
907 2684 1011 2739 vincere
1021 2682 1109 2735 bello?

355 2820 407 2883 Sic
428 2833 460 2884 et
483 2819 515 2885 in
537 2818 711 2884 Comoediis
732 2840 895 2882 servorum
915 2817 1089 2885 calliditate
1111 2817 1230 2884 domiui
1252 2819 1307 2885 de-

352 2921 522 3001 luduntur,
537 2922 709 3009 praemissis
730 2920 1001 3005 increpationibus
1020 2919 1157 2988 rationes
1171 2944 1244 2987 suas
1257 2922 1307 2987 io-

352 3024 471 3089 firmari
493 3026 697 3111 permittunt,
713 3035 745 3091 et
768 3022 896 3088 tandem
918 3046 950 3087 se
970 3023 1069 3089 victos
1090 3024 1252 3100 simulant,
1268 3038 1306 3091 nt

352 3138 384 3189 et
400 3126 601 3191 credulorum
618 3148 746 3191 sensnm
765 3124 952 3190 confirment
967 3148 1116 3203 errorem,
1131 3139 1163 3191 et
1179 3126 1220 3191 de
1234 3148 1307 3212 pro·

351 3227 481 3293 ditionis
496 3228 631 3315 perfidia
645 3226 781 3313 gratiam
802 3241 1015 3315 aucupentur,
1030 3250 1147 3314 magua
1161 3241 1308 3313 satagen-

352 3342 400 3397 tes
421 3331 592 3412 industria,
615 3344 651 3399 ut
676 3333 721 3397 sic
743 3354 866 3417 semper
887 3332 1059 3419 decipiant,
1081 3345 1118 3397 ut
1139 3354 1306 3419 nunquam

352 3433 472 3517 possint
509 3434 602 3521 argui
639 3434 797 3499 falsitatis.
855 3436 981 3501 Eorum
1016 3457 1156 3522 namque
1188 3436 1307 3501 veritas

354 3529 518 3598 mendacio
555 3536 663 3601 servit.
719 3535 804 3615 Quid
836 3537 925 3623 quod
956 3560 1098 3623 aucupes
1126 3536 1305 3603 novitatum

354 3634 555 3699 rumusculos
568 3650 756 3721 congerunt,
768 3637 950 3723 eisdemque
965 3639 1160 3701 curiosorum
1174 3638 1308 3702 auribus

355 3733 564 3817 satisfaciunt,
587 3750 624 3801 ut
651 3737 709 3801 hae
730 3738 783 3803 via
802 3737 1056 3823 compendiosius
1080 3738 1122 3801 ad
1147 3738 1192 3812 id,
1218 3738 1307 3822 quod

354 3837 565 3913 desideratur,
580 3839 757 3905 accedant?
796 3839 967 3925 Temporis
984 3861 1112 3925 quoque
1132 3838 1310 3924 diligentis-

355 3940 425 4005 simi
441 3941 659 4007 observatores
674 3952 758 4017 sunt,
772 3963 811 4004 ne
822 3939 1137 4027 quid‘intempestive
1151 3940 1307 4025 ingerant,

356 4040 410 4104 sed
425 4040 508 4105 inter
523 4042 758 4129 prandendum,
773 4055 830 4108 aut
849 4064 922 4106 cum
937 4042 1012 4105 vino
1026 4042 1099 4127 quis
1112 4040 1309 4109 exhilaratus

356 4140 465 4222 fuerit,
491 4156 546 4209 aut
570 4146 792 4231 cujuscunque
814 4167 943 4231 compos
965 4145 1149 4231 voluptatis.
1198 4146 1310 4232 Hujus

358 4244 490 4307 cautelae
501 4248 644 4311 meminit
658 4248 764 4327 Maro,
777 4270 879 4335 quum
892 4247 933 4311 ad
947 4248 1081 4312 AEneam
1094 4248 1308 4312 revocandum

359 4364 495 4409 sororem
507 4365 525 4409 a
538 4346 666 4411 Didone
682 4350 807 4413 missam
823 4350 944 4423 asserit,
956 4372 1030 4435 qnae
1046 4349 1114 4413 sola
1125 4348 1184 4411 viri
1199 4346 1309 4410 molles

359 4443 466 4511 aditus
491 4458 522 4509 et
550 4458 693 4531 tempora
719 4463 819 4513 norat.
866 4450 946 4525 Quis
971 4465 1079 4515 autem
1103 4471 1165 4511 non
1194 4446 1309 4524 rideat,
