3575 5575
491 754 561 834 20&
750 786 887 831 Jonnms
903 783 1183 831 snussnnnmusrs
1276 773 1376 846 [mn.
1394 791 1445 836 111.

492 937 665 1004 decreverit
682 938 872 1024 Imperator.
917 938 971 1004 Ait
986 938 1088 1002 enirn:
1116 939 1223 1015 Quum
1240 938 1288 1004 vir
1303 941 1396 1007 nubit
1411 941 1444 1005 in

491 1043 641 1106 feminam
659 1041 740 1104 vires
755 1053 986 1127 porrecturam,
1001 1042 1080 1128 quid
1097 1041 1228 1125 cupiat?
1267 1043 1334 1108 Ubi
1350 1067 1445 1108 sexus

490 1144 630 1231 perdidit
645 1143 763 1223 locum,
778 1167 834 1207 nec
854 1147 954 1209 scelus
969 1156 1016 1207 est
1032 1144 1118 1230 quod
1134 1166 1196 1206 non
1212 1144 1335 1229 perficit
1352 1147 1442 1221 scire,

490 1247 546 1312 ubi
572 1248 682 1311 Ve'nus
708 1257 853 1310 mutatur
878 1246 911 1310 in
939 1246 1069 1310 alteram
1096 1245 1241 1320 formam,
1269 1247 1325 1311 ubi
1354 1271 1443 1312 amor

491 1349 646 1435 quoeritnr
665 1359 696 1412 et
716 1369 780 1411 non
803 1347 973 1423 invenitur,
985 1346 1137 1436 jubemus
1158 1348 1322 1434 insurgere
1344 1349 1440 1436 leges,

488 1449 603 1514 armari
624 1450 711 1536 jura,
738 1462 776 1513 ut
800 1448 910 1533 gladio
936 1450 1049 1524 ultore,
1076 1461 1108 1512 et
1135 1449 1303 1534 exquisitis
1325 1451 1438 1535 poenis,

488 1551 667 1616 subdantur
681 1551 828 1631 infames,
842 1551 900 1636 qui
916 1563 1001 1626 sunt,
1013 1549 1063 1613 vel
1078 1549 1181 1614 futuri
1198 1563 1271 1617 sunt
1287 1552 1342 1616 rei.
1378 1553 1441 1616 Sed

487 1677 591 1740 neque
605 1653 877 1718 consentientibus
896 1653 1009 1739 parcit,
1025 1652 1103 1738 quin
1119 1652 1163 1715 eis
1178 1675 1302 1738 poenam
1320 1652 1439 1739 irroget

486 1756 663 1843 capitalem,
681 1777 780 1842 quum
796 1767 828 1820 et
843 1755 913 1840 lege
928 1755 1036 1820 divina
1051 1754 1260 1831 facientes-et
1282 1758 1438 1821 consenti-

486 1870 585 1935 entes,
601 1859 670 1943 pari
684 1880 780 1944 poena
793 1858 983 1944 plectantur.
1030 1858 1196 1942 Ipsosque,
1213 1879 1328 1943 magno
1344 1859 1439 1945 Epis.

484 1983 565 2046 copo
590 1972 718 2024 auctore
745 1958 963 2039 (Ambrosium
991 1957 1259 2023 Mediolanensem
1290 1961 1435 2045 attende)

484 2059 713 2123 consentientes
733 2058 875 2122 definivit
898 2081 975 2139 esse,
992 2061 1049 2144 qui
1068 2072 1178 2124 notum
1202 2083 1337 2125 errorem
1361 2064 1435 2128 reti-

484 2173 568 2240 cent,
585 2174 641 2224 aut
661 2161 818 2245 corrigere
838 2183 939 2246 quum
961 2162 1096 2246 possint,
1114 2161 1325 2230 dissimulant.
1371 2166 1435 2230 Sed

484 2261 563 2348 quid
580 2260 620 2324 de
639 2264 685 2325 eis
700 2261 927 2350 verecundum,
943 2261 1154 2350 odiosumque
1175 2288 1347 2329 sermonem
1363 2288 1435 2354 pro-

484 2362 669 2426 tendimus?
707 2363 756 2428 Ut
777 2374 893 2426 sortem
920 2385 1030 2426 eorum
1058 2364 1216 2449 condigna
1237 2366 1435 2433 conclusione

483 2464 683 2543 claudamus,
709 2464 922 2551 proculdubio
948 2464 1036 2549 pluet
1069 2488 1164 2552 super
1193 2490 1246 2531 eos
1276 2469 1434 2534 Dominus

483 2566 614 2654 laqueos
628 2579 665 2630 ut
680 2589 742 2629 non
758 2565 926 2651 effugiant,
942 2565 1036 2652 ignis,
1053 2567 1200 2654 sulphur,
1216 2569 1346 2655 spiritus
1361 2593 1434 2655 pro-

480 2668 640 2743 cellarum,
657 2692 730 2754 pars
748 2669 854 2734 calicis
873 2691 995 2746 eorum,
1011 2681 1043 2733 et
1063 2693 1136 2733 cum
1157 2671 1340 2736 auctoribus
1356 2673 1432 2749 suis,

480 2769 563 2858 quos
580 2772 717 2837 Sodoma
738 2771 915 2851 devoravit,
931 2783 1025 2839 erunt
1049 2774 1173 2838 saeculis
1187 2777 1219 2840 in
1235 2774 1381 2841 foetorem
1400 2790 1431 2843 et

479 2862 687 2960 opprobrium
710 2876 948 2961 sempiternum.
994 2876 1081 2954 Quid
1104 2876 1246 2963 proderit
1262 2901 1371 2964 quaeso
1385 2880 1431 2945 eis

479 2988 556 3039 tunc
568 2975 705 3040 divitum
719 2978 826 3039 favor?
850 2982 917 3042 Aut
930 2977 1003 3063 quis
1012 2990 1115 3062 potest
1129 3002 1195 3042 esse
1207 2981 1429 3066 temporalium

477 3099 555 3141 usus
577 3088 634 3141 aut
650 3077 806 3164 voluptas,
823 3101 920 3163 quem
944 3091 1052 3144 tantus
1074 3079 1175 3158 dolor,
1192 3096 1223 3146 et
1247 3094 1337 3148 tanta
1358 3106 1428 3149 eru-

478 3178 637 3244 bescentia
650 3202 712 3244 non
729 3179 923 3245 absorbeat?

476 3490 556 3574 Cap.
575 3497 623 3556 14.
650 3494 844 3558 Adulatores
855 3498 1036 3578 puniendos
1050 3518 1125 3577 aare,
1140 3504 1306 3580 tamquam
1325 3500 1426 3564 hostes

516 3592 661 3657 Deorum
684 3605 715 3659 et
738 3595 912 3675 bominum,
928 3606 960 3663 et
980 3604 1147 3665 ceritatem
1165 3609 1337 3683 gratanter
1359 3624 1427 3667 aar·

512 3698 723 3778 plectendam,
739 3705 771 3763 et
781 3702 978 3783 patientiam
995 3704 1246 3784 custodiendam,
1261 3712 1328 3769 tam
1344 3707 1424 3767 rati·

515 3800 632 3863 onibus
646 3822 743 3883 quam
759 3805 911 3886 coemptis
924 3806 1092 3885 majoram.

517 3984 596 4061 San,
615 3997 652 4048 ut
674 3986 798 4069 vulgari
822 3987 991 4073 proverbio
1013 3988 1144 4065 dicitur,
1167 3991 1257 4052 Deus
1278 3986 1332 4050 ille
1354 4009 1422 4073 prae

470 4083 582 4147 ceteris
608 4085 758 4150 colendus
779 4089 933 4169 creditur,
956 4090 1013 4175 qui
1036 4089 1182 4153 subvenit
1206 4090 1239 4152 in
1261 4090 1425 4175 praesentii

473 4183 617 4268 Ideoque
632 4207 694 4248 non
709 4203 821 4253 curant
841 4190 1012 4275 quomodo,
1029 4189 1107 4254 dum
1131 4202 1236 4254 tamen
1251 4189 1311 4254 hoc
1333 4190 1423 4275 quod

470 4299 626 4372 expetunt
641 4287 771 4354 faciant.
815 4292 957 4377 Egregie
978 4291 1108 4377 quidem
1126 4291 1274 4358 Caecilius
1290 4292 1423 4367 Balbus,

471 4387 659 4476 Imperator,
676 4390 790 4477 inquit,
805 4398 963 4480 Auguste,
978 4408 1047 4458 tum
1063 4396 1095 4457 in
1112 4394 1233 4471 multis,
1250 4407 1319 4459 tum
1335 4395 1368 4459 in
1384 4418 1421 4459 eo

1446 3962 1461 4204 l
