3575 5575
488 805 551 862 226
748 813 1184 864 Joanns1sannsusn1sns1s
1303 796 1383 874 [ma.
1402 815 1447 860 ιν.

490 974 598 1054 Atque
614 968 660 1032 ita
675 965 883 1032 Athenienses
893 965 1013 1028 virtute
1028 963 1130 1042 ducis,
1142 986 1202 1049 pro
1217 964 1319 1030 salute
1334 970 1448 1051 patriae

491 1073 586 1134 morti
601 1091 634 1133 se
648 1067 821 1144 offerentis,
837 1065 921 1130 hello
941 1065 1126 1130 liberantur.
1174 1066 1257 1130 ltem
1275 1067 1448 1154 Lycurgus

490 1171 523 1237 in
536 1194 633 1256 regno
645 1193 703 1234 suo
714 1169 841 1233 decreta
853 1167 1061 1243 constituens,
1075 1165 1231 1253 populum
1247 1168 1279 1232 iu
1295 1170 1447 1255 obsequia

492 1273 684 1359 principum,
696 1271 855 1358 principes
871 1269 911 1334 ad
923 1270 1083 1356 justitiam
1099 1269 1271 1354 impiorum
1289 1273 1447 1336 firmavit:

491 1378 561 1441 auri
577 1375 765 1460 argentique
781 1396 886 1449 usum,
902 1385 935 1436 et
957 1373 1097 1437 omnium
1114 1368 1267 1436 scelerum
1285 1373 1448 1438 materiam

494 1477 640 1542 sustulit:
665 1477 788 1542 senatui
800 1475 978 1540 custodiam
994 1473 1112 1560 legum,
1125 1475 1246 1562 populo
1262 1473 1447 1560 sublegendi

494 1592 637 1644 senatum
654 1591 845 1664 potestatem
856 1577 955 1641 dedit.
989 1578 1109 1641 Statuit
1122 1577 1277 1663 virginem
1294 1577 1360 1644 sine
1375 1578 1449 1642 dote

493 1681 624 1757 nubere,
648 1695 684 1746 ut
709 1704 824 1746 uxores
849 1680 1055 1764 eligerentur,
1079 1701 1141 1744 non
1166 1680 1310 1766 pecunia.
1357 1682 1451 1746 Max-

495 1785 595 1850 imum
610 1783 760 1846 honorem
785 1805 844 1867 pro
862 1781 967 1867 gradu
990 1779 1093 1844 aetatis
1116 1802 1226 1844 senum
1242 1805 1308 1846 esse
1326 1782 1448 1854 voluit;

494 1909 552 1953 nec
567 1907 641 1950 saue
656 1908 792 1971 usquam
813 1898 907 1948 terrae
926 1884 1032 1950 locum
1049 1883 1280 1948 honoratiorem
1307 1899 1451 1950 senectus

496 1988 602 2052 habet.
656 1987 781 2051 Deinde
807 1997 843 2052 ut
870 1988 1080 2051 aeternitatem
1109 1987 1174 2050 suis
1200 1986 1324 2071 legibus
1349 1987 1452 2062 daret,

492 2088 705 2176 jurejurando
726 2089 848 2174 obligat
868 2088 1041 2168 civitatem,
1056 2088 1135 2152 nihil
1159 2112 1212 2154 eos
1234 2090 1274 2153 de
1294 2092 1361 2176 ejus
1377 2089 1453 2174 legi-

500 2194 559 2256 bus
573 2203 766 2270 mutaturos,
780 2202 951 2275 antequam
968 2204 1190 2256 reverteretur.
1237 2192 1454 2258 Proficiscitur

498 2305 605 2358 autem
625 2293 766 2368 Cretam,
782 2291 826 2356 ibi
842 2304 1034 2377 perpetuum
1056 2292 1187 2356 exilium
1203 2294 1281 2377 egit,
1297 2295 1455 2381 abjicique

499 2395 636 2458 moriens
656 2417 727 2458 ossa
746 2416 803 2460 sua
825 2393 857 2456 in
880 2417 966 2457 mare
984 2395 1095 2481 jussit,
1110 2417 1150 2459 ne
1174 2395 1281 2460 relatis
1305 2397 1456 2462 Lacedae-

498 2518 623 2562 monem
637 2495 758 2561 solutos
770 2519 802 2559 se
814 2495 965 2580 religione
976 2495 1189 2582 jurisjurandi
1200 2498 1233 2562 in
1244 2498 1456 2564 dissolvendis

498 2598 622 2682 legibus
636 2597 878 2661 arbitrarentur.
912 2596 974 2660 His
990 2598 1119 2689 quidem
1135 2599 1287 2685 exemplis
1302 2621 1340 2663 eo
1355 2600 1454 2664 liben-

499 2699 565 2765 tius
580 2699 760 2785 utor,quod
777 2698 966 2785 Apostolum
984 2700 1120 2766 Paulum
1136 2701 1252 2768 eisdem
1270 2725 1362 2770 usum
1378 2703 1455 2768 dum

501 2803 753 2868 Atheniensibus
778 2801 979 2887 praedicaret,
1002 2802 1139 2868 invenio.
1186 2804 1318 2879 Studuit
1340 2806 1457 2892 praedi-

501 2916 590 2967 cator
603 2906 752 2989 egregius
771 2905 884 2967 Jesum
907 2903 1085 2982 Christum,
1100 2916 1131 2968 et
1148 2904 1233 2969 hunc
1254 2906 1456 2981 crucifixum,

502 3005 547 3068 sic
562 3005 724 3070 mentibus
738 3028 848 3070 eorum
869 3006 1025 3091 ingerere,
1043 3019 1078 3071 ut
1094 3027 1152 3091 per
1166 3006 1371 3091 ignominiam
1387 3031 1457 3072 eru-

504 3106 560 3188 cis,
580 3106 796 3172 liberationem
819 3107 1006 3187 multorum,
1027 3107 1174 3193 exemplo
1195 3110 1360 3193 gentilium
1385 3132 1457 3196 pro·

503 3212 635 3290 venisse,
650 3208 787 3275 doceret.
827 3210 888 3273 Sed
904 3224 936 3275 et
951 3211 1013 3276 ista
1024 3210 1182 3298 persuasit
1197 3211 1264 3273 fieri
1280 3234 1341 3275 nou
1357 3211 1457 3282 solere

505 3313 565 3376 nisi
581 3311 613 3377 iu
630 3313 782 3397 sanguine
799 3314 974 3397 justorum,
990 3326 1022 3378 et
1038 3335 1148 3379 eorum
1164 3311 1220 3396 qui
1242 3311 1354 3398 populi
1369 3335 1459 3396 gere-

506 3428 578 3478 rent
599 3414 832 3498 magistratum.
877 3417 977 3485 Porro
999 3415 1041 3479 ad
1064 3413 1279 3481 liberationem
1307 3414 1461 3495 omnium,

507 3514 624 3583 scilicet
640 3517 664 3578 J
667 3515 831 3583 udaeorum
852 3529 883 3581 et
904 3518 1061 3601 gentium,
1075 3538 1168 3587 nemo
1183 3513 1339 3581 sufficiens
1354 3516 1460 3600 potuit

508 3618 656 3697 inveniri,
671 3618 731 3683 nisi
746 3618 798 3683 illc
813 3620 864 3686 cui
879 3621 912 3684 in
929 3618 1138 3685 hereditatem
1154 3618 1238 3685 datae
1254 3631 1326 3683 sunt
1343 3632 1463 3703 gentes,

509 3734 541 3787 et
565 3720 724 3807 praefinita
748 3735 796 3786 est
822 3722 924 3786 omnis
947 3736 1032 3787 terra
1061 3722 1215 3808 possessio
1240 3722 1317 3806 ejus.
1362 3722 1460 3785 Hunc

508 3836 614 3889 autem
627 3824 724 3889 alium
740 3847 808 3889 esse
821 3847 884 3887 non
897 3848 999 3909 posse,
1010 3848 1107 3912 quarn
1124 3824 1223 3889 filium
1239 3822 1464 3907 omnipotentis

511 3928 573 3990 Dei
596 3931 743 4003 asseruit,
766 3950 865 4014 qumn
888 3944 1006 4014 praeter
1029 3932 1137 3995 Deum
1163 3942 1285 4014 gentes,
1306 3941 1337 3992 et
1364 3938 1465 3991 terras

510 4051 630 4107 omnes,
649 4053 743 4094 nemo
764 4031 935 4115 subegerit.
980 4035 1067 4097 Dum
1088 4054 1165 4115 ergo
1187 4030 1231 4093 sic
1251 4028 1353 4095 crucis
1372 4028 1463 4113 igno·

513 4130 641 4195 miniam
658 4131 857 4218 praedicaret,
873 4145 910 4201 ut
925 4135 1066 4217 gentium
1087 4134 1243 4219 paulatim
1259 4143 1465 4197 evacuaretur

516 4231 665 4310 stultitia,
686 4234 799 4304 sensim
821 4234 861 4299 ad
885 4234 947 4299 Dei
964 4233 1107 4313 verbum,
1123 4233 1248 4321 Deique
1268 4232 1465 4318 sapientiam,

512 4349 545 4402 et
559 4335 663 4421 ipsum
674 4336 769 4402 etiam
785 4336 903 4406 divinae
915 4338 1088 4423 majestatis
1100 4336 1223 4417 solium,
1233 4336 1366 4405 verbum
1382 4334 1469 4414 fidei,

515 4453 546 4505 et
563 4438 703 4524 linguam
724 4438 943 4526 predicatoris
964 4442 1074 4506 erexit.
1121 4440 1166 4503 Et
1186 4461 1226 4504 ne
1242 4439 1344 4502 virtus
1364 4442 1470 4503 Evan-
