3575 5575
400 169 427 174 -
446 168 513 176 -·--u-
591 161 1183 174 „*w-‚„-he-o>fflflumavuvuv--n
1204 161 1301 168 ·-⁴‘··-—-
1330 161 1425 167 -·“-··“--
1454 163 1456 165 ·
1505 163 1508 165 ·

118 174 125 176 ,,
146 174 153 176 -
216 278 436 474 mm
500 277 586 411 a
887 239 1242 404 ,W
1276 309 1365 404 ,0

399 309 754 774 dar&
918 426 1216 674 popa,

304 835 375 881 cir.
390 822 477 896 xuc]
648 837 901 884 rourcmrrcus.

304 1008 435 1072 quaque
449 988 658 1052 communiter
673 988 770 1052 salem
791 987 905 1054 caloris
924 1000 1086 1057 auctorem
1104 964 1182 1066 esse,
1195 975 1256 1081 llu-

304 1089 1136 1175 morumqueaugmentum,etdefectum,quoniamid
1145 1086 1274 1186 sensata

303 1186 429 1270 probat,
440 1190 541 1254 motui
553 1189 657 1254 lunari
669 1191 920 1267 accommodant,
932 1204 964 1254 et
976 1190 1008 1253 in
1024 1191 1109 1255 hunc
1125 1183 1298 1281 modum-¹..

303 1285 452 1370 plurima.
499 1293 660 1357 Caeterum
688 1292 849 1371 mathesis,
870 1315 946 1378 quas
973 1293 1158 1356 suturarum
1185 1275 1310 1377 poles·

302 1390 417 1453 licetur
431 1391 601 1475 judicium,
622 1400 662 1459 ab
685 1395 845 1458 elementis
867 1394 1077 1480 philosophiae
1099 1394 1153 1475 (ut
1173 1416 1255 1479 proe·

303 1489 425 1554 dictum
448 1495 509 1573 est)
532 1496 660 1560 trahens
685 1496 850 1580 originem,
874 1501 959 1561 ultra
983 1496 1200 1581 progreditur,
1222 1510 1255 1562 et

255 1663 258 1669 ¹
303 1590 448 1656 elationis
470 1615 535 1660 suae
557 1598 746 1677 temeritate,
769 1599 801 1660 in
824 1597 1070 1683 praerogativam
1093 1596 1161 1679 eJ'us
1182 1619 1256 1681 pro-

304 1692 437 1777 rumpit,
463 1695 519 1780 qui
549 1696 656 1759 stellas
684 1710 841 1772 numerat,
868 1718 1004 1783 quarum
1035 1697 1103 1782 ipse
1129 1697 1257 1762 nomina
1411 1695 1419 1707 '

305 1791 402 1871 salus,
422 1794 521 1879 signa,
541 1807 724 1883 potestates,
744 1820 866 1874 cursus,
886 1797 965 1874 loca,
986 1810 1140 1883 tempora,
1158 1797 1257 1863 navit.

305 1895 460 1970 Quoniam
484 1898 543 1962 hoc
565 1900 669 1983 ipsum
691 1899 892 1963 astronomiae
918 1921 985 1962 suae
1011 1897 1175 1978 beneficio,
1197 1899 1258 1964 sibi

305 1999 484 2084 astrologus
504 2001 707 2087 repromittit.
752 2005 921 2087 Tantaque
941 2000 1069 2086 longius
1086 2025 1105 2065 a
1127 2002 1257 2066 scientia

305 2100 446 2166 veritatis
461 2103 618 2183 aberrant,
635 2117 756 2188 quanta
772 2103 812 2166 ad
827 2126 896 2166 eam
912 2100 1069 2166 tumidius
1082 2107 1258 2190 irrumpere

304 2200 489 2266 moliuntur.
547 2204 717 2290 Signatum
754 2228 830 2290 erga
865 2217 1013 2269 naturam
1048 2205 1257 2283 revolventes,

303 2317 400 2385 prout
415 2327 482 2369 eam
498 2305 581 2370 forte
601 2318 766 2385 noverant,
783 2306 860 2371 dum
882 2307 914 2369 in
934 2306 1034 2370 stellis
1054 2309 1258 2393 comparibus

229 2415 232 2422 '
304 2399 509 2481 fluctuarent,
530 2405 592 2469 alia
611 2405 722 2470 dicunt
743 2406 906 2471 masculini
925 2407 1060 2491 generis,
1076 2409 1138 2472 alia
1158 2409 1257 2472 seemi-

305 2501 382 2582 nini,
398 2519 567 2592 essentque
581 2505 713 2571 forsitan
731 2506 943 2593 multiplicata
958 2529 1015 2591 per
1034 2507 1184 2589 sobolem,
1198 2511 1259 2574 nisi

307 2604 383 2689 quia
402 2605 569 2670 dissociata
589 2607 666 2671 locis
685 2607 717 2670 in
738 2608 825 2671 coitu
841 2608 1010 2672 convenire
1030 2629 1092 2670 nan
1114 2622 1257 2693 possunt.

305 2705 1258 2805 usurisi.auersetursrsusnemrnode-

295 2811 640 2910 ngabent,
658 2794 826 2894 diligenter
847 2808 1025 2894 explorant,
1044 2808 1132 2893 quad
1153 2791 1258 2874 εἶεῖἳ-

305 2910 441 2973 t’ectione
466 2933 588 2988 earum,
611 2923 644 2973 et
668 2923 771 2987 matu,
798 2922 828 2975 et
855 2908 1068 2995 applicatione
1094 2910 1190 2973 unius
1215 2910 1257 2975 ad

306 3018 453 3091 alterum,
483 3014 668 3100 choreisque
702 3014 866 3078 stellarum
901 3012 993 3076 facile
1027 3025 1075 3077 est
1104 3015 1256 3079 invenire.

298 3115 471 3213 §EEQHE
484 3138 572 3201 erga,
585 3115 662 3202 quia
683 3114 821 3199 frigidus
840 3126 888 3179 est
908 3125 940 3178 et
958 3135 1064 3189 senex,
1082 3117 1189 3199 gravis
1208 3127 1257 3179 est

305 3232 338 3282 et
359 3221 502 3294 nocivae,
527 3231 557 3283 et
573 3219 743 3283 denatura
765 3217 931 3293 malitiam,
946 3217 1162 3281 morositatem
1184 3238 1258 3280 con-

305 3320 404 3383 trahit
420 3320 461 3384 ab
478 3333 583 3387 aetate.
629 3322 787 3386 Omnibus
802 3320 903 3404 igitur
918 3319 1077 3396 inimicus,
1092 3319 1147 3395 vix
1161 3319 1256 3383 etiam

305 3422 370 3485 suis
385 3423 579 3489 scholasticis
600 3424 711 3509 parcit.
758 3421 908 3486 Succedit
921 3422 1107 3529 &Q‘s
1120 3434 1259 3485 econtra

305 3523 465 3607 propitius
485 3537 517 3588 et
538 3523 676 3600 saluber,
693 3537 854 3609 tantaeque
870 3523 1075 3608 benignitatis
1089 3524 1123 3585 in
1137 3545 1257 3599 omnes,

305 3639 342 3689 ut
358 3646 415 3687 nec
430 3625 471 3688 de
485 3624 605 3689 malitia
620 3626 730 3711 patris,
745 3648 804 3688 nec
818 3627 929 3698 matris
944 3625 1108 3690 feracitate
1123 3624 1257 3708 subjecti

306 3748 500 3814 quemquam
523 3724 674 3799 offendat,
695 3726 755 3799 nisi
777 3725 863 3789 farte
885 3725 1007 3809 etipse
1029 3726 1062 3787 in
1081 3724 1168 3787 orbis
1183 3722 1258 3787 sub·

301 3828 380 3918 jecti
396 3826 562 3913 dispendia
580 3823 783 3897 stationarius
806 3823 909 3887 factus
930 3826 981 3899 sit,
1002 3820 1258 3904 retrogradusve,

305 3942 362 3993 aut
388 3928 585 3993 adustionem
612 3923 819 3994 miserabilem
847 3923 998 4008 patiatur.
1044 3922 1133 3985 Mars
1155 3921 1257 4000 ferox,

306 4045 485 4123 naturaque
504 4027 689 4102 indomitus,
705 4048 813 4089 omnes
834 4036 951 4112 praeter
968 4013 1170 4087 sohdl'a's'tr'cbs
1184 4046 1257 4088 suas

306 4134 517 4217 persequitur.
563 4129 734 4213 Mitigatur
759 4140 864 4191 tamen
894 4125 1057 4190 interdum
1083 4124 1176 4187 Jovis
1204 4148 1257 4188 ac·

306 4255 407 4309 cessu,
429 4233 479 4296 vel
502 4231 642 4308 Veneris,
665 4230 815 4316 quoniam
842 4241 874 4293 et
900 4228 968 4314 ipsa
990 4226 1130 4313 propitia
1151 4238 1200 4290 est
1223 4241 1256 4292 et

306 4332 453 4417 benigna.
498 4332 680 4398 Mercurius
709 4355 784 4395 vero
813 4329 885 4396 talis
917 4342 976 4406 est,
1002 4328 1130 4413 qualem
1161 4325 1254 4389 vicini

305 4432 441 4521 planetas
457 4418 800 4519 pcrfflquum
817 4444 848 4494 et
871 4430 939 4515 ipse
965 4426 1178 4492 convertibilis
1204 4446 1257 4490 na-
