3575 5575
338 790 532 870 car.xx1x.]
685 807 942 855 eonrcnamcns.
1226 796 1287 854 159

330 955 447 1040 jubent
473 957 557 1023 istuc
581 959 751 1024 divertere.
801 956 1018 1042 AEgritudinis
1045 956 1224 1044 pravident
1253 972 1286 1025 et

336 1058 449 1124 docent
469 1081 593 1140 causas,
615 1059 760 1127 indicunt
782 1059 811 1124 ei
832 1059 971 1136 initium,
987 1072 1207 1145 augmentum,
1224 1077 1288 1126 sta·

267 1183 269 1188 ·
335 1167 416 1235 tum,
426 1171 458 1224 et
470 1158 722 1228 declinationem.
746 1160 832 1238 Q'uid
846 1161 967 1226 multa?
992 1163 1100 1239 Quum
1116 1160 1288 1237 eosandio,

335 1259 486 1326 videntur
501 1261 578 1326 mibi
593 1285 682 1348 posse
694 1274 838 1327 mortuos
852 1263 1016 1344 suscitare,
1030 1286 1088 1328 nec
1102 1263 1288 1349 AEsculapio

336 1361 539 1426 Mercuriove
559 1363 733 1430 creduntur
754 1363 927 1428 inferiores.
971 1369 1188 1430 Veruntamen
1202 1365 1234 1429 in
1249 1388 1289 1429 eo

335 1483 450 1546 magna
460 1464 574 1527 mentis
584 1464 793 1528 admiratione
802 1465 1002 1530 distrahoret
1011 1467 1288 1552 perturbor,quod

336 1584 355 1625 a
379 1563 490 1648 seipsis
512 1575 605 1628 tanto
627 1565 796 1628 verborum
819 1565 981 1646 conflictu,
1001 1579 1033 1630 et
1056 1566 1218 1632 collisione
1238 1590 1288 1631 ra-

337 1661 459 1726 tionum
489 1663 662 1740 dissiliunt,
691 1676 723 1729 et
754 1664 948 1730 discordant.
1004 1670 1116 1733 Unum
1144 1667 1288 1752 profecto

338 1761 411 1839 scio,
427 1763 583 1830 contraria
605 1765 700 1832 simul
718 1788 794 1830 vera
815 1789 883 1832 esse
906 1789 968 1831 non
991 1790 1093 1854 posse.
1137 1767 1229 1842 Quid
1247 1768 1289 1834 de

336 1865 467 1931 medicis
483 1866 629 1953 practicis
648 1866 774 1931 dicam?
811 1868 906 1934 Absit
926 1881 963 1934 nt
982 1869 1023 1933 de
1042 1869 1094 1934 his
1116 1870 1289 1958 quicquam

335 1989 518 2051 perversum
531 1969 655 2054 loquar.
688 1971 727 2032 In
739 1991 852 2034 manus
861 1973 944 2036 enim
960 1993 1070 2035 eorum
1084 1973 1288 2058 exigentibus

334 2071 472 2154 peccatis
501 2071 590 2148 meis,
622 2070 714 2136 nimis
740 2069 924 2158 frequenter
952 2072 1068 2141 incido.
1113 2074 1187 2139 Non
1211 2089 1286 2141 sunt

334 2168 543 2252 exasperandi
561 2169 676 2250 verbis,
691 2171 747 2234 sed
768 2171 876 2257 potius
898 2171 1099 2238 demulcendi
1121 2177 1285 2262 obsequio.

268 2335 270 2342 ,
335 2268 418 2332 ΝοΙο
442 2290 494 2332 me
520 2283 656 2335 tractent
683 2268 807 2350 duriuS,
832 2295 889 2336 nec
913 2274 1009 2337 etiam
1032 2277 1147 2340 sentire
1172 2276 1287 2359 audeo,

334 2368 421 2454 quod
437 2391 545 2432 omnes
559 2369 707 2434 clamant.
752 2369 864 2435 Dicam
881 2393 958 2457 ergo
975 2395 1047 2436 cum
1071 2388 1179 2440 sancto
1199 2376 1287 2440 Salo-

333 2491 443 2532 mone:
484 2470 566 2546 Quia
595 2469 794 2534 medicinae
823 2471 952 2536 domino
978 2471 1050 2537 Deo
1075 2486 1145 2550 θείς
1179 2487 1211 2539 et
1237 2411 1314 2629 viri

335 2573 458 2656 sapiens
476 2593 538 2634 non
558 2583 738 2636 contemnet
758 2594 837 2635 eam.
883 2572 986 2636 Nemo
1006 2573 1163 2660 siquidem
1185 2576 1287 2662 magis

336 2673 527 2736 necessarius
542 2685 590 2738 est
605 2686 661 2738 aut
678 2673 788 2737 utilior
799 2673 932 2755 medico,
942 2674 1117 2738 dummodo
1128 2676 1168 2738 sit
1184 2675 1287 2739 fidelis

335 2781 367 2834 et
393 2771 544 2857 prudens.
590 2773 669 2849 Quis
697 2772 780 2835 enim
810 2773 969 2859 praeconia
997 2772 1083 2838 illius
1111 2773 1288 2840 declamare

339 2871 487 2949 sufficiat,
503 2874 558 2959 qui
575 2874 684 2941 salutis
698 2873 826 2949 artifex,
843 2887 874 2939 et
890 2888 1072 2961 procreator
1087 2876 1172 2952 vitae,
1194 2876 1226 2941 in
1249 2901 1287 2942 eo

338 2973 510 3038 Dominum
525 2976 681 3050 imitatur,
697 2988 728 3038 et
750 2975 832 3039 vices
847 2976 917 3061 ejus
936 2976 1016 3061 agit,
1035 2978 1123 3063 quod
1141 2982 1288 3061 salutem,

334 3098 432 3161 quam
447 3074 501 3140 ille
516 3089 679 3163 operatur,
695 3088 727 3147 et
742 3077 833 3161 quasi
846 3078 1006 3144 Dominus
1017 3091 1050 3144 et
1066 3080 1215 3166 princeps
1228 3070 1286 3145 tlo-

333 3188 399 3251 nat,
415 3178 475 3242 iste
490 3200 672 3243 oeconomus
686 3190 718 3242 et
735 3178 876 3243 minister
890 3193 1042 3265 procurat
1057 3194 1089 3245 et
1101 3181 1285 3269 dispensat?

335 3279 402 3345 Nec
423 3279 464 3343 ad
487 3303 552 3344 rem
576 3280 703 3357 attinet,
725 3280 750 3345 si
774 3281 830 3365 qui
851 3281 1110 3367 pseudogratiam
1131 3284 1287 3365 vendunt,

332 3393 363 3445 et
385 3381 446 3467 qui¹
462 3382 618 3467 justiores
640 3381 739 3446 videri
764 3381 886 3456 volunt,
911 3382 988 3445 dum
1016 3382 1094 3446 nihil
1120 3384 1287 3469 accipiant,

335 3494 505 3566 antequam
533 3505 618 3567 aeger
642 3487 850 3559 convalescat,
876 3482 909 3548 in
935 3507 974 3547 eo
999 3484 1172 3571 iniquiores
1198 3498 1285 3563 sunt,

336 3582 423 3668 quod
443 3583 632 3647 beneficium
653 3586 814 3669 temporis,
828 3589 893 3650 imo
912 3607 1030 3649 munus
1050 3589 1123 3661 Dei,
1140 3587 1287 3651 manibus

336 3684 402 3748 suis
417 3683 615 3764 adscribunt,
628 3707 727 3770 quum
743 3685 796 3749 ille
811 3708 908 3772 quem
925 3690 1013 3752 Deus
1033 3686 1126 3770 erigit
1146 3703 1178 3751 et
1194 3687 1286 3773 vigor

334 3799 459 3853 naturae
481 3786 738 3866 convalescentis,
759 3788 839 3851 citra
858 3809 988 3873 operam
1011 3788 1081 3873 ejus
1103 3788 1209 3851 iuerat
1226 3811 1286 3851 err·

332 3889 465 3975 gendus.
512 3886 665 3967 Quamvis
686 3888 772 3953 istud
795 3889 863 3974 jam
886 3910 1060 3975 paucorum
1083 3890 1136 3967 ait,
1157 3888 1217 3954 sibi
1239 3889 1287 3953 in-

331 3990 430 4055 vicem
461 3987 669 4054 suadentibus
698 4001 730 4053 et
760 3986 988 4075 replicantibus
1016 3988 1157 4069 medicis,
1186 3990 1287 4070 Dum,

333 4089 418 4155 dolet
435 4090 552 4176 accipe.
599 4092 667 4154 Nec
683 4110 810 4153 moveor
827 4092 853 4155 si
868 4112 966 4176 opera
980 4112 1089 4154 eorum
1105 4090 1137 4154 in
1155 4114 1187 4154 se
1202 4114 1286 4155 com-

333 4204 488 4276 pugnent,
512 4214 613 4277 quum
639 4190 733 4255 sciam
750 4195 983 4259 contrariorum
1007 4192 1196 4280 plerumque
1217 4216 1285 4258 esse

332 4290 468 4381 eundern
478 4292 635 4357 effectum.
683 4292 744 4356 Sed
757 4317 857 4379 quum
867 4292 951 4358 inter
963 4316 1076 4359 manus
1090 4317 1199 4357 eorum
1211 4294 1284 4380 quis

330 4389 450 4455 inlata
471 4390 629 4475 collapsus
651 4404 710 4468 est,
726 4405 803 4455 tunc
825 4392 1014 4456 necessarias
1034 4392 1210 4478 producent
1234 4414 1283 4455 ra-
