3575 5575
344 734 414 778 cnr.
432 717 479 800 v.]
698 736 954 781 eonrcnsrrcus.
1259 729 1298 785 71

343 882 532 969 erupissent,
546 898 746 949 occurrentes
765 886 809 949 eis
832 886 889 973 qui
909 910 943 953 se
965 887 1103 952 hostium
1124 910 1237 953 manus
1251 890 1297 953 el-

342 983 463 1067 fugisse
487 984 674 1069 gauderent,
702 985 896 1071 diripiebant
921 986 1076 1072 quicquid
1101 986 1293 1054 adtulerant.

345 1086 607 1172 Supplicantibus
618 1100 723 1153 autem
736 1100 767 1153 et
781 1089 921 1153 terribile
933 1089 1094 1174 quoddam
1107 1090 1167 1154 sibi
1181 1112 1295 1154 nomen

342 1187 403 1251 Dei
419 1186 641 1253 invocantibus
665 1201 700 1252 ut
721 1188 771 1251 vel
792 1202 914 1273 partem
931 1190 1071 1276 aliquam
1087 1214 1127 1253 ex
1147 1191 1207 1267 bis,
1224 1215 1297 1277 quae

342 1312 449 1354 secum
465 1292 576 1355 mortis
591 1289 732 1377 periculo
747 1294 971 1377 quaesiverant,
986 1291 1203 1377 indulgerent,
1216 1292 1296 1357 nihil

341 1412 471 1477 prorsus
486 1393 689 1479 praebebant:
714 1394 769 1458 sed
790 1394 849 1457 boc
865 1394 1009 1458 beneficii
1024 1395 1094 1458 loco
1108 1407 1255 1477 cesserat,
1269 1395 1295 1459 si

342 1495 604 1579 comprehensum
625 1498 736 1561 vivum
756 1494 894 1559 licuisset
915 1494 1057 1560 evadere.
1103 1496 1167 1559 His
1187 1509 1296 1561 autem

342 1605 414 1679 post
441 1592 605 1680 aliquanta
627 1594 786 1679 adjungit,
808 1595 936 1659 dicens:
975 1594 1099 1659 Judaeis
1121 1618 1196 1658 vero
1221 1618 1295 1659 cum

342 1718 471 1780 egressu
487 1696 575 1760 urbis
589 1697 691 1759 omnis
707 1694 825 1782 pariter
841 1718 912 1781 spes
927 1694 1158 1760 excludebatur
1173 1697 1297 1778 salutis,

342 1811 374 1863 et
390 1798 582 1863 invalescens
596 1798 752 1862 acerbitas
766 1796 868 1879 famis,
880 1796 992 1861 domos
1007 1797 1101 1862 simul
1115 1810 1147 1862 et
1162 1796 1296 1862 familias

341 1911 534 1987 gentemque
558 1900 722 1973 vastabat;
763 1901 808 1963 ita
832 1912 869 1963 ut
894 1899 928 1963 in
953 1898 1171 1985 penetralibus
1196 1912 1296 1965 strata

337 2005 479 2088 jacerent
496 2000 663 2065 mulierum
684 2000 956 2087 parvulorumque
971 2000 1135 2079 cadavera,
1151 2023 1208 2085 per
1229 2001 1296 2087 pla-

343 2117 409 2169 teas
422 2128 496 2168 vero
510 2104 683 2167 infelicium
700 2125 811 2167 senum
826 2125 970 2188 corpora,
981 2102 1066 2167 fame
1080 2103 1182 2186 magis
1196 2124 1293 2188 quam

342 2218 447 2285 aetate,
472 2219 647 2271 consumta.
701 2208 843 2271 Juvenes
870 2228 945 2268 vero
971 2217 1066 2289 atquc
1090 2204 1193 2270 omnis
1218 2217 1297 2269 aetas

341 2308 513 2387 robustior,
528 2307 617 2372 velut
634 2308 824 2373 simulachra
846 2306 995 2394 quaedam
1018 2306 1050 2370 in
1066 2306 1126 2370 viis
1140 2317 1173 2371 et
1193 2329 1297 2392 egres-

342 2410 431 2475 sibus
445 2410 646 2489 oberrabant,
661 2422 855 2489 corruentes,
869 2431 1061 2495 quocunque
1077 2408 1138 2473 loci
1152 2431 1295 2493 gressum

342 2509 547 2595 surripuisset
572 2509 686 2575 inedia.
733 2509 873 2596 Sepelire
899 2521 1006 2573 autem
1033 2508 1188 2573 cadavera
1212 2531 1296 2574 mor-

341 2623 470 2675 tuorum
486 2612 718 2697 proximorum,
730 2634 787 2675 nec
802 2611 1027 2675 defunctorum
1040 2610 1225 2688 multitudo,
1238 2634 1295 2675 nec

341 2712 457 2775 virium
473 2712 620 2776 debilitas
636 2711 859 2798 permittebat;
892 2710 987 2774 simul
1003 2723 1034 2775 et
1056 2733 1114 2797 per
1136 2734 1202 2774 suar
1218 2713 1294 2776 vitae

341 2811 462 2876 incerta
487 2813 710 2898 unusquisque
732 2812 912 2876 verebatur.
965 2813 1114 2898 Denique
1137 2813 1294 2900 aliquanti

343 2935 441 2999 super
462 2937 526 2994 eos,
548 2937 629 3000 quos
652 2913 856 3001 sepeliebant,
874 2914 995 2979 animas
1017 2915 1167 2990 emisere;
1198 2916 1294 2982 multi

341 3014 436 3080 etiam
452 3015 530 3079 dum
546 3029 782 3102 prosequuntur
796 3016 920 3092 funera,
934 3017 1121 3103 priusquam
1134 3018 1176 3082 ad
1187 3019 1293 3104 sepul·

340 3117 452 3182 chrum
476 3119 648 3195 veniretur,
664 3118 822 3186 efflabant.
867 3122 924 3197 Et,
947 3130 1061 3197 utnec
1081 3121 1230 3206 planctus
1251 3144 1292 3186 ex

340 3243 427 3284 more
442 3219 602 3286 defunctis
617 3222 842 3299 exhibebatur,
857 3234 913 3285 ant
929 3221 1047 3298 luctus,
1062 3223 1138 3308 quia
1154 3223 1213 3287 hoc
1230 3223 1293 3288 sibi

339 3331 441 3387 totum
467 3323 688 3388 vendicaverat
714 3323 833 3398 fames;
868 3327 913 3388 sic
939 3346 996 3388 nec
1021 3323 1153 3390 ariditas
1178 3325 1293 3393 inediae
1371 3389 1376 3397 ,

339 3425 503 3490 humorem
525 3426 665 3514 aliquem
691 3428 841 3514 cuiquam
869 3426 1043 3511 reliquerat
1068 3427 1291 3516 lacrymarum.

340 3528 539 3592 Obsederant
554 3529 713 3595 civitatem
732 3528 894 3616 profunda
909 3529 1042 3606 silentia,
1058 3542 1089 3595 et
1112 3553 1176 3595 uox
1198 3532 1294 3617 plena

340 3629 451 3692 mortis
480 3643 594 3694 cuncta
622 3643 814 3695 contexerat.
870 3631 994 3707 Quibus
1022 3631 1113 3696 malis
1144 3633 1294 3698 omnibus

338 3728 501 3815 graviores
527 3729 584 3792 soli
600 3730 750 3815 vigebant
776 3729 953 3815 praedones,
975 3733 1034 3814 qui
1058 3753 1098 3793 ne
1125 3730 1294 3815 sepulchra

338 3830 469 3916 quidem
485 3829 622 3918 diripere
637 3843 668 3897 et
694 3831 829 3918 spoliare
844 3830 1001 3894 cadavera
1023 3830 1173 3895 illicitum
1195 3832 1295 3896 duce·

339 3933 429 4013 bant,
441 3956 504 3998 non
520 3946 586 3998 tam
602 3933 741 4020 praedam
758 3944 913 4018 petentes,
924 3954 1021 4018 quam
1034 3933 1137 3996 scelus
1152 3932 1295 3999 irrisione

338 4036 546 4112 cumulantes,
559 4048 591 4101 et
606 4037 704 4101 aciem
720 4034 901 4122 gladiorum
914 4057 1040 4100 suorum
1056 4035 1089 4098 in
1101 4035 1294 4117 cadaverum

339 4136 578 4203 obtruncatione
603 4139 784 4225 probantes.
832 4135 1000 4200 Interdum
1026 4136 1122 4201 etiam
1153 4137 1184 4201 in
1215 4161 1293 4203 non·

340 4235 442 4299 nullos
457 4237 562 4302 adhuc
574 4241 740 4324 spirantes,
754 4260 864 4305 mucro
879 4236 1111 4301 examinandus
1125 4239 1293 4324 agebatur,

341 4333 427 4421 quod
443 4334 496 4399 alii
512 4337 679 4402 semineces
700 4361 801 4426 quum
821 4338 978 4417 viderent,
992 4338 1151 4424 supplices
1166 4338 1294 4403 dextras
