3575 5575
482 731 546 794 314
731 741 869 788 sossius
885 739 1165 788 saaasaaarausrs
1305 722 1386 802 [ara.
1403 741 1438 784 v.

481 899 635 966 extitisse.
665 897 805 958 Tantum
814 914 953 977 namque
963 892 1073 977 opinio
1083 891 1291 977 praejudicata
1300 902 1436 975 poterat,

481 1011 519 1066 ut
540 999 621 1061 nihil
647 996 886 1061 convalesceret
912 995 953 1056 ab
980 993 1141 1076 opposito,
1166 991 1245 1054 dum
1270 992 1334 1055 hoc
1361 994 1432 1075 ipse

481 1101 603 1166 dixisse
629 1098 800 1173 diceretur,
825 1107 858 1160 et
893 1117 936 1158 ex
959 1117 1018 1158 usu
1052 1093 1335 1177 acquiescentium,
1371 1116 1435 1158 vox

481 1203 558 1286 Ipse
572 1197 782 1284 pronominis,
795 1194 1010 1279 Pythagoram
1025 1194 1199 1258 indicabat.
1229 1195 1335 1267 Quum
1348 1196 1434 1258 enim

480 1301 667 1386 simpliciter
690 1299 867 1373 dicebatur,
890 1298 960 1380 ipse
994 1296 1056 1359 hoc
1087 1294 1183 1373 dixit,
1206 1315 1249 1358 ex
1273 1307 1434 1379 praecepta

480 1401 680 1478 auctoritate,
701 1409 781 1464 teste
806 1398 927 1474 Tullio,
948 1397 1164 1480 Pythagoram
1184 1396 1321 1479 intelligi
1343 1419 1437 1480 opor·

479 1506 576 1569 tabat
621 1502 687 1566 Hic
714 1512 821 1564 tamen
845 1508 913 1564 tota
936 1499 1123 1564 auctoritate
1147 1518 1214 1575 sua,
1235 1519 1437 1583 nequaquam

475 1605 640 1690 judicium
665 1602 769 1677 flexit,
795 1599 852 1664 sed
878 1600 985 1666 adhuc
1012 1595 1242 1666 interveniente
1272 1598 1438 1677 dilatione,

482 1715 611 1791 propter
628 1702 674 1768 rei
694 1701 934 1782 ambiguitatem
957 1699 1078 1783 pendet
1099 1699 1266 1762 sententia.
1310 1699 1438 1763 Thema

481 1805 615 1890 quidem
642 1802 826 1887 hujusmodi
852 1811 921 1864 est:
956 1802 1093 1864 Evallus
1120 1799 1309 1864 adolescens
1334 1800 1437 1878 diaes,

481 1904 675 1990 eloquentia
690 1902 855 1968 discendae
866 1904 979 1983 gratia,
988 1920 1165 1983 causasque
1180 1898 1291 1963 orandi
1302 1901 1437 1984 cupiens

482 2006 550 2070 fuit
595 2004 711 2068 Hicin
729 2001 934 2085 disciplinam
958 2002 1151 2084 Pythagorae
1177 2021 1212 2064 se
1238 1999 1339 2079 dedit,
1363 2022 1435 2084 pro·

482 2106 612 2169 mittens
626 2102 797 2188 pecuniam
812 2117 965 2186 quantam
985 2102 1184 2184 Pythagoras
1200 2103 1345 2185 petierat,
1361 2103 1436 2168 data

481 2205 650 2270 medietate
676 2191 862 2286 antequam
875 2201 1103 2282 ingrederetur,
1142 2201 1272 2266 daturus
1305 2204 1435 2268 alteram

481 2327 546 2391 quo
562 2305 700 2387 primum
725 2301 777 2365 die
801 2324 931 2366 causam
948 2301 1033 2385 apud
1043 2300 1173 2386 judices
1199 2314 1387 2386 perorasset,
1404 2316 1436 2368 et

481 2408 620 2472 vicisset
665 2407 784 2470 Postea
799 2426 897 2487 quum
913 2403 1032 2467 diutius
1048 2402 1183 2478 auditor,
1199 2415 1433 2488 assectatorque

479 2508 672 2592 Pythagoraa
682 2506 803 2583 fuisset,
812 2506 1059 2589 facundiamque
1069 2506 1433 2588 promovissetastudio,

480 2620 514 2672 et
536 2621 717 2674 transcurso
744 2617 887 2691 tempore
916 2607 1065 2688 longiori,
1089 2607 1298 2672 causantibus
1327 2622 1431 2691 patro·

480 2712 601 2776 ciuium
624 2710 806 2791 denegaret,
822 2717 857 2771 ut
877 2709 1060 2792 putabatur,
1074 2729 1115 2771 ne
1131 2707 1271 2772 doctoris
1286 2710 1433 2795 impleret

479 2812 672 2890 mercedem,
684 2812 795 2875 habito
811 2812 960 2891 consilio,
971 2812 1061 2875 litem
1078 2834 1150 2875 cum
1174 2833 1213 2875 eo
1238 2813 1435 2897 Pythagoras

479 2923 686 2979 contestatur.
731 2912 839 2984 Quum
862 2933 939 2995 ergo
961 2912 1001 2975 ad
1027 2911 1156 2995 judices
1178 2913 1328 2977 ineundae
1356 2935 1433 2977 con·

482 3013 717 3097 stitueudaeque
752 3032 858 3077 causae
893 3013 1055 3077 venissent
1089 3015 1199 3095 gratia,
1234 3015 1431 3098 Pythagoras

481 3116 528 3179 sic
540 3134 673 3179 exorsus
683 3123 740 3177 est.
772 3113 884 3187 Disce,
897 3114 1015 3198 inquit,
1038 3115 1224 3178 stultissime
1236 3115 1436 3190 adolescens,

480 3226 616 3299 utroque
631 3213 664 3277 id
680 3212 778 3276 modo
793 3214 872 3290 sore,
889 3215 936 3277 uti
960 3213 1078 3279 reddas
1093 3215 1180 3299 quod
1195 3227 1280 3298 peto,
1296 3215 1362 3279 sire
1377 3237 1436 3299 pro

479 3329 511 3379 te
525 3314 773 3398 pronunciatum
791 3315 859 3392 erit,
875 3316 942 3377 sive
957 3327 1069 3378 contra
1084 3328 1125 3377 te.
1172 3315 1255 3378 Nam
1271 3316 1298 3377 si
1323 3329 1436 3383 contra

479 3426 511 3479 te
525 3413 565 3477 lis
580 3412 638 3475 erit
659 3410 745 3488 data,
758 3433 880 3475 merces
907 3413 1074 3477 debebitur
1099 3415 1176 3477 mihi
1200 3437 1242 3478 ex
1265 3418 1436 3495 sententia,

480 3515 558 3602 quie
582 3534 643 3595 ego
667 3513 813 3576 evicero:
842 3513 891 3575 sin
918 3534 991 3575 vero
1018 3515 1197 3579 secuudum
1211 3526 1242 3579 te
1251 3516 1434 3601 judicatum

479 3619 548 3691 erit,
565 3634 687 3679 merces
700 3612 779 3675 mihi
795 3635 837 3677 ex
853 3624 952 3697 pacto
968 3614 1144 3693 debebitur,
1167 3618 1245 3700 quia
1259 3630 1294 3681 tu
1308 3618 1433 3682 viceris.

479 3719 531 3783 Ad
546 3740 587 3782 ea
599 3714 727 3799 placide
742 3716 885 3779 Evallus.
932 3716 1028 3798 Opto,
1054 3719 1170 3801 inquit,
1184 3719 1261 3783 huic
1281 3733 1344 3783 tuae
1368 3731 1432 3783 tam

477 3819 611 3903 anticipi
628 3818 770 3900 captioni
785 3819 849 3881 isse
865 3819 1004 3894 obviam,
1021 3820 1048 3882 si
1063 3821 1159 3883 verba
1173 3840 1238 3883 non
1254 3821 1323 3904 ipse
1347 3821 1431 3884 face·

477 3941 557 3997 rem,
572 3931 669 4004 atque
689 3920 752 3982 alio
772 3930 907 4002 patrono
932 3931 1043 3984 uterer.
1097 3921 1162 3985 Sed
1188 3924 1290 4003 magis
1316 3924 1349 3985 in
1374 3923 1435 3987 ista

478 4018 620 4094 victoria,
632 4016 823 4100 praeludium
839 4031 898 4093 est,
908 4040 1008 4102 quum
1020 4030 1052 4083 te
1068 4042 1132 4083 non
1148 4022 1181 4084 in
1198 4043 1294 4087 causa
1309 4033 1432 4087 tautrnn

476 4118 583 4181 sedin
599 4127 787 4198 argumento
803 4137 934 4201 quoquc
963 4120 1024 4182 isto
1051 4120 1186 4184 evicero.
1233 4122 1331 4185 Disce
1357 4144 1432 4205 ergo

477 4230 523 4293 tu,
537 4219 687 4300 magister
702 4217 951 4301 sapientissime,
965 4231 1100 4303 utroque
1116 4221 1213 4286 modo
1229 4223 1371 4287 futurum
1386 4225 1433 4287 uti

477 4339 544 4383 non
559 4319 688 4411 reddam
705 4318 793 4401 quod
808 4319 902 4401 petis,
915 4320 980 4383 sive
993 4334 1106 4385 contra
1122 4345 1174 4387 mc
1185 4326 1432 4407 pronunciatum
