3575 5575
352 820 422 891 oai’.
438 831 501 910 xa]
675 845 931 892 nonucuarscus.
1243 821 1302 884 185

351 1011 523 1063 versentur.
556 1000 654 1063 Unde
673 999 813 1062 Etbicus
830 997 976 1081 inquieto
997 1005 1088 1058 extra
1108 1016 1141 1058 se
1161 965 1301 1075 ineptam
1412 1015 1415 1020 ·

350 1100 584 1163 beatitudinem
600 1101 785 1184 inquirenti,

737 1205 817 1269 Quod
829 1206 924 1275 quaeris
935 1203 1031 1274 ubique
1042 1207 1091 1267 est,

457 1292 508 1344 Est
520 1291 638 1355 Ulubris,
649 1292 751 1344 animm
763 1292 786 1343 si
797 1296 825 1344 te
834 1309 886 1343 non
898 1289 986 1342 deficit
996 1305 1094 1359 aequus.

353 1443 433 1527 Cap.
449 1448 477 1505 9.
505 1442 601 1510 Quod
620 1441 760 1503 mundus
783 1459 858 1502 suos
877 1441 973 1503 habet
994 1439 1124 1520 Elysios
1134 1459 1148 1510 ;
1171 1445 1202 1499 et
1222 1437 1308 1518 quod

396 1542 510 1604 eodem
525 1541 614 1622 fides
638 1551 686 1603 est
709 1542 814 1602 nostri
828 1541 984 1620 temporis
1010 1546 1041 1601 et
1050 1538 1305 1618 precedentium

389 1648 536 1724 potrum,
553 1651 585 1705 et
598 1642 727 1705 uirtutis
742 1641 879 1703 cultores
893 1641 1088 1720 inspectores
1098 1645 1174 1700 sant
1188 1637 1307 1700 theatri

396 1743 502 1822 leptis.

397 1855 548 1916 Munuus
562 1852 658 1933 igitur
673 1872 749 1914 suos
765 1851 863 1914 habet

456 1958 570 2028 Elysios,
582 1958 714 2026 solemque
725 1975 800 2011 suum
812 1962 840 2009 et
851 1973 899 2008 sua
910 1957 995 2008 sidera
1006 1956 1085 2010 novit.

352 2059 460 2121 Virtus
481 2056 639 2138 siquidem
664 2055 774 2118 solaris
800 2052 929 2137 quidam
956 2053 1063 2115 radius
1088 2062 1149 2130 est,
1175 2072 1194 2115 a
1220 2053 1305 2115 sonte

352 2157 504 2222 claritatis
525 2156 674 2219 omnibus
697 2153 790 2216 datus
805 2154 838 2214 iu
856 2173 959 2230 usum,
981 2153 1083 2234 etqui
1103 2153 1212 2216 omnia
1233 2175 1305 2237 quae

351 2257 491 2338 attingit,
511 2256 654 2319 claritate
678 2255 728 2317 sui
748 2254 845 2318 faciat
867 2254 997 2316 eximia.
1043 2254 1124 2317 Inde
1145 2267 1201 2332 est,
1219 2255 1306 2338 quod

353 2359 450 2429 etiam
478 2357 536 2434 illi,
564 2378 645 2440 quos
670 2355 769 2439 hujus
792 2355 873 2418 radii
898 2364 1058 2432 venustae,
1084 2357 1176 2437 quasi
1201 2377 1307 2440 reper-

352 2479 447 2523 cussa
473 2459 581 2541 specie
605 2454 653 2520 sui
680 2455 805 2519 ridetur
827 2456 963 2534 afflasse,
991 2457 1096 2518 statim
1123 2457 1158 2519 in
1182 2458 1307 2541 subjec-

352 2570 457 2623 torum
483 2568 660 2642 conspectu
685 2559 874 2632 clarescunt,
899 2556 1043 2640 fiuntque
1068 2557 1306 2640 quodammodo

353 2659 480 2721 virtutis
494 2659 586 2720 titulo
602 2656 741 2738 gloriosi.
779 2656 873 2718 Absit
890 2657 987 2734 enim,
1001 2667 1037 2718 ut
1052 2656 1219 2738 quisquam
1236 2678 1307 2719 vere

354 2759 397 2820 sit
426 2756 594 2839 gloriosus,
618 2757 682 2819 nisi
708 2755 765 2837 qui
793 2755 827 2817 in
854 2755 996 2817 Domino
1026 2755 1186 2836 gloriatur.
1231 2759 1308 2820 Nou

354 2859 440 2921 enim
456 2858 510 2942 qui
526 2879 560 2919 se
581 2860 701 2941 ipsum,
717 2868 771 2920 aut
790 2877 884 2940 quem
907 2856 1003 2920 homo
1024 2857 1236 2937 commendat,
1252 2859 1308 2923 ille

354 2961 508 3044 probatus
530 2968 588 3036 est,
618 2958 673 3021 sed
698 2979 793 3042 quem
824 2959 913 3020 Deus
943 2958 1152 3022 commendat.
1212 2961 1308 3033 Quod

355 3061 464 3143 utique
487 3079 561 3121 vera
575 3068 609 3122 et
622 3060 691 3122 sola
706 3059 804 3122 virtus
819 3069 966 3137 meretur,
981 3081 1047 3122 non
1062 3070 1307 3145 quantacunque

355 3162 477 3223 virtutis
501 3162 616 3242 imago.
661 3162 737 3223 Hoc
765 3171 872 3228 autem
894 3183 965 3225 esse
988 3162 1132 3237 arbitror,
1154 3162 1309 3244 quicquid
1370 3189 1373 3195 ·

354 3264 389 3325 iu
405 3262 546 3326 moribus
561 3263 723 3343 egregium
743 3259 784 3325 de
799 3273 920 3325 naturae
940 3263 1111 3340 beneficia,
1134 3272 1166 3325 et
1185 3264 1308 3325 exerci-

354 3362 402 3425 tio
417 3362 533 3425 mentis
548 3362 627 3425 citra
643 3362 787 3443 gratiam,
802 3362 989 3445 philosophi
1006 3363 1067 3425 sibi
1077 3363 1308 3446 repromittunt,

356 3485 461 3545 eoque
476 3464 546 3545 ipso
559 3474 753 3527 evanuerunt
763 3464 795 3525 in
807 3463 1058 3545 cogitationibus
1069 3464 1146 3540 suis,
1157 3463 1308 3527 delibero

355 3562 470 3626 confisi
492 3564 633 3641 arbitrio,
655 3573 687 3626 et
709 3564 854 3627 diceutes
870 3586 904 3627 se
928 3585 999 3627 esse
1022 3565 1197 3647 sapientes,
1220 3564 1308 3627 stulti

356 3663 433 3726 sacti
449 3674 534 3741 suut,
549 3665 700 3746 stultique
715 3674 941 3747 apparuerunt.
986 3666 1246 3766 UndeQ

602 3769 673 3820 Satis
685 3785 757 3820 orare
769 3769 786 3818 J
787 3786 861 3820 ovem
873 3769 917 3836 qui
929 3768 1009 3820 donat
1021 3775 1047 3820 et
1058 3767 1151 3832 aufert,

429 3854 484 3905 Det
494 3852 586 3917 vitam,
599 3853 644 3903 det
655 3868 724 3923 opss,
736 3853 852 3904 animum
864 3851 929 3903 mihi
941 3869 991 3919 ego
1003 3852 1058 3923 ipse
1070 3852 1175 3923 parabo.

357 3952 448 4014 Alius
464 3971 603 4032 quoquc,

429 4054 538 4108 Nullum
550 4072 645 4107 numen
656 4054 739 4107 habes
751 4056 774 4106 si
785 4055 820 4106 sit
830 4056 984 4125 prudentia;
1002 4058 1049 4111 sed
1059 4076 1106 4111 nos

427 4140 468 4191 Te
479 4140 598 4206 facimus,
610 4140 722 4206 fortuna,
735 4141 820 4205 deam,
830 4141 947 4210 eoeloque
959 4142 1082 4197 locamus.

316 4236 321 4245 '
359 4236 439 4299 Cato
455 4258 592 4321 quoque,
607 4239 683 4302 licet
699 4262 806 4302 verum
823 4261 888 4303 non
905 4241 1087 4321 agnovisset
1099 4244 1215 4320 Deum,
1232 4266 1309 4323 gen-

360 4337 503 4420 tiumque
529 4340 808 4421 superstitionibus
827 4344 996 4419 aberraret,
1021 4344 1053 4403 iu
1078 4344 1181 4425 Lybia
1205 4352 1309 4407 tamen

360 4437 383 4497 J
385 4437 463 4514 ovis,
479 4459 573 4519 quem
587 4441 726 4518 colebat,
737 4443 931 4523 contempsit
944 4444 1082 4520 oracula,
1093 4464 1126 4504 se
1137 4443 1175 4505 ad
1189 4465 1308 4526 eaquae
