3575 5575
485 820 549 878 204
744 830 880 876 rnauurs
896 827 1173 874 saunsumuausrs
1281 807 1368 888 [mu.
1387 826 1436 871 111.

487 985 634 1050 Heredes
649 1005 777 1070 quoque
793 981 938 1046 defuncti
951 982 985 1044 in
1000 979 1138 1045 solidum
1155 987 1186 1042 et
1201 979 1233 1041 in
1249 988 1439 1062 perpetuum

484 1096 634 1151 tenentur
655 1085 695 1149 de
719 1107 767 1163 eo,
791 1083 878 1168 quod
902 1082 943 1147 ad
965 1104 1021 1146 eos
1044 1080 1222 1145 constiterit
1244 1081 1436 1163 pervenisse.

486 1188 552 1253 Sed
568 1187 647 1271 quid
663 1186 826 1250 adulatore
846 1183 1010 1249 dolosius?
1049 1184 1092 1246 At
1107 1183 1185 1245 milri
1199 1181 1279 1244 sorte
1294 1180 1439 1265 objicies,

488 1289 564 1373 quia
584 1310 649 1352 non
674 1308 786 1351 omnes
810 1287 897 1350 novi.
941 1286 1061 1348 Verum
1088 1282 1216 1366 quidem
1241 1293 1308 1358 est3
1339 1281 1396 1345 sed
1422 1305 1441 1346 a

488 1391 597 1454 multis
612 1388 691 1452 mihi
707 1388 856 1451 didicisse
866 1385 978 1449 videor
990 1386 1131 1448 omnium
1147 1405 1259 1448 mores.
1293 1384 1442 1448 Duellius

482 1492 552 1576 jam
569 1512 679 1564 senex,
690 1490 758 1574 jam
771 1489 954 1572 decrepitus
966 1506 1099 1569 corpore
1111 1484 1272 1569 cordeque
1283 1485 1442 1562 trementi,

488 1593 605 1662 dolens
614 1592 676 1657 sibi
687 1593 915 1673 exprobratum
930 1609 1000 1651 esse
1015 1587 1048 1649 in
1058 1586 1178 1670 jurgio,
1190 1585 1276 1670 quod
1292 1586 1356 1649 oris
1366 1586 1442 1650 vitio

489 1694 621 1758 soetidus
640 1703 735 1771 esset,
757 1714 791 1755 se
813 1691 943 1755 domum
966 1689 1113 1752 contulit.
1158 1688 1328 1771 Quumque
1349 1687 1444 1750 uxori

488 1797 616 1877 gravius
645 1802 838 1878 quereretur,
864 1790 953 1875 quod
979 1809 1144 1873 nunquam
1174 1810 1246 1853 eum
1277 1799 1441 1851 monuerat

487 1897 583 1982 hujus
598 1897 665 1958 vitii
680 1915 820 1979 quaerere
834 1892 1044 1956 medicinam:
1068 1891 1242 1966 Fecissem,
1252 1890 1366 1974 inquit,
1379 1891 1442 1954 nisi

487 2009 649 2083 putassem
672 2017 728 2059 ora
753 1996 892 2058 virorum
918 1993 1060 2056 omnium
1083 1993 1128 2056 sic
1155 1993 1249 2055 olere.
1295 1991 1441 2055 Laudare

489 2097 608 2182 poteris
623 2096 694 2180 ejus
713 2096 906 2158 matrimonii
929 2091 1130 2179 pudicitiam,
1145 2105 1178 2156 et
1197 2094 1343 2177 praeferre
1358 2093 1441 2176 pati·

489 2202 609 2265 entiam
625 2200 775 2272 mulieris,
792 2220 864 2282 quae
880 2196 939 2260 viri
955 2197 1067 2260 vitium
1082 2207 1171 2260 tanta
1192 2197 1344 2280 patientia
1359 2193 1441 2271 tulit,

489 2301 593 2365 utillo
608 2299 828 2362 infelicitatem
850 2299 1003 2381 corporis,
1017 2318 1083 2360 non
1104 2296 1214 2360 uxoris
1229 2296 1369 2376 fastidio,
1384 2295 1441 2360 sed

488 2399 661 2465 maledicto
676 2400 810 2464 senserit
826 2399 959 2462 inimici.
990 2401 1032 2462 At
1047 2409 1080 2461 et
1094 2419 1155 2480 ego
1171 2397 1211 2461 de
1227 2395 1443 2462 adulatoribus

488 2502 612 2586 aliquid
628 2503 690 2566 tale
704 2500 896 2584 respondeo,
912 2500 989 2584 quia
1007 2520 1119 2564 omnes
1134 2501 1269 2564 arbitror
1282 2499 1329 2563 sic
1346 2501 1441 2562 olere.

488 2603 609 2666 Omnes
624 2602 783 2665 fallaciam
799 2611 831 2664 et
846 2600 956 2664 dolum
979 2599 1134 2679 redolent,
1148 2611 1181 2664 et
1201 2621 1391 2684 quocunque
1407 2620 1441 2663 se

487 2712 621 2778 vertant,
632 2702 760 2786 pudicis
774 2702 916 2780 naribuS,
927 2702 1013 2765 hunc
1027 2701 1208 2785 important,
1220 2723 1284 2766 uon
1300 2701 1442 2780 odorem,

488 2805 545 2869 sed
559 2806 714 2870 soetorem.
759 2804 924 2889 Quicquid
944 2826 1019 2886 ergo
1036 2826 1078 2868 ex
1093 2826 1132 2869 ea
1146 2826 1244 2869 causa
1258 2806 1442 2889 acquiritur,

488 2910 585 2972 etiam
600 2911 641 2972 ab
656 2907 783 2971 haerede
792 2908 881 2992 juste
892 2917 999 2991 potest
1013 2909 1116 2972 avelli.
1156 2910 1227 2973 Nec
1242 2909 1338 2973 credo
1354 2907 1442 2992 quod

490 3009 593 3091 possit
608 3008 795 3091 petitoribus
809 3007 944 3086 obviari,
960 3008 986 3069 si
1003 3007 1170 3073 vendicare
1188 3009 1337 3087 audeant,
1353 3007 1440 3093 quod

489 3109 707 3174 adulatoribus
722 3112 935 3173 contulerunt.
981 3109 1047 3173 Sed
1070 3112 1141 3194 quis
1164 3112 1291 3195 sapiens
1305 3123 1337 3175 et
1350 3112 1443 3174 intel·

489 3213 567 3294 liget
581 3210 663 3276 ista?
688 3213 753 3275 Aut
765 3210 808 3274 ad
822 3212 885 3274 hoc
903 3212 974 3295 quis
989 3211 1138 3291 idoneus,
1150 3235 1249 3296 quum
1263 3235 1331 3276 non
1346 3212 1442 3275 modo

487 3314 522 3375 in
545 3314 632 3375 omni
654 3313 760 3391 domo,
782 3324 839 3377 aut
859 3314 1097 3377 conviventium
1124 3326 1220 3391 coetu,
1243 3314 1441 3377 adulantium

489 3423 577 3479 tanta
606 3414 648 3477 sit
677 3416 781 3497 copia,
808 3431 844 3477 ut
869 3414 896 3477 si
923 3414 994 3497 quis
1021 3416 1185 3479 modestus
1211 3415 1361 3479 adversus
1386 3435 1442 3478 eos

490 3514 603 3577 mutire
618 3514 746 3593 audeat,
762 3517 835 3578 illos

594 3621 727 3675 Defendet
737 3640 867 3688 numerus,
875 3624 1025 3695 junctaeqne
1036 3625 1147 3679 umbone
1158 3624 1325 3697 phalanges?

489 3722 585 3786 Certe
612 3721 689 3783 dum
713 3721 761 3783 vir
786 3720 941 3785 honestus
965 3724 1106 3787 innitens
1137 3724 1356 3798 conscientiae,
1382 3723 1441 3784 vir·

488 3832 657 3908 tutumque
671 3824 824 3887 insistens
846 3824 974 3903 officiis,
989 3826 1097 3903 esurit,
1115 3826 1191 3905 sitit,
1207 3828 1299 3907 alget,
1317 3835 1349 3887 et
1362 3824 1443 3886 mul-

489 3925 617 4007 tiplices
632 3925 769 3989 sortunae
784 3925 985 4007 indignantis
999 3929 1131 4011 injurias
1147 3929 1280 4011 excipit,

594 4028 664 4081 Vilis
676 4030 794 4083 adulator
806 4032 874 4102 picto
882 4032 955 4102 jacet
967 4034 1053 4086 ebrius
1065 4040 1142 4097 ostro,

491 4124 610 4187 delitiis
623 4126 833 4207 ingurgitatur
855 4128 897 4191 ad
920 4131 1095 4213 crapulam,
1111 4130 1187 4193 vino
1210 4138 1334 4208 aestuat,
1348 4129 1442 4192 lauti·

489 4227 597 4290 oribus
612 4227 695 4290 cibis
710 4228 912 4310 distenditur,
924 4243 956 4296 et
970 4254 1028 4317 pro
1044 4232 1172 4295 arbitrio
1187 4233 1281 4295 variis
1298 4231 1441 4296 artificiis

487 4329 608 4393 coelum
623 4328 685 4391 sibi
701 4341 930 4416 contemperat.
976 4334 1099 4397 Primos
1120 4334 1218 4397 habet
1231 4335 1393 4398 recubitus
1409 4335 1441 4397 in

490 4430 601 4509 coenis,
625 4430 659 4492 in
682 4433 894 4497 conventibus
917 4434 1035 4517 primos
1064 4456 1246 4514 consessus,
1273 4438 1442 4531 praeelecto
