3575 5575
359 744 430 791 car.
446 727 507 807 rv.]
703 741 959 791 ronrcaamcns.
1264 732 1304 793 sl

357 896 486 960 crimen.
532 897 603 959 Nec
630 896 737 979 aliqua
764 898 886 961 virtutis
911 897 1122 962 ostentatione
1151 898 1310 975 clarescit,

356 999 408 1063 cui
423 1001 570 1083 voluptas
586 999 737 1080 originem
756 1001 898 1081 praebet:
920 1020 1059 1064 noverca
1073 1000 1232 1083 siquidem
1248 1000 1309 1063 rir-

357 1102 434 1167 tutis
448 1110 507 1165 est.
551 1102 628 1165 Nou
642 1100 731 1164 illam
747 1100 820 1163 dico
836 1122 934 1185 quam
953 1102 1036 1185 parit
1050 1122 1127 1185 pax,
1143 1101 1311 1186 patientia,

358 1202 549 1284 benignitas,
565 1202 801 1284 longanimitas,
816 1201 969 1283 gaudium
988 1203 1022 1266 in
1042 1203 1163 1286 Spiritu
1176 1209 1310 1277 sanct03

359 1303 416 1367 sed
431 1325 503 1387 quae
519 1305 622 1368 amica
636 1304 753 1387 epulis,
766 1304 998 1388 potationibus,
1014 1303 1180 1379 conviviis,
1196 1302 1311 1367 modu·

357 1406 543 1483 lationibus,
571 1416 604 1469 et
631 1406 726 1484 ludis,
758 1405 898 1471 cultibus
935 1407 1101 1491 operosius
1116 1433 1118 1438 ·
1131 1405 1311 1490 exquisitis,

358 1507 476 1587 stupris
492 1517 525 1570 et
540 1507 634 1570 variis
654 1506 877 1581 immunditiis,
894 1507 1019 1570 animos
1034 1509 1130 1570 etiam
1151 1506 1313 1585 graviores

359 1608 540 1681 effeminat,
565 1617 596 1669 et
622 1607 762 1690 quodam
785 1616 907 1669 naturae
930 1607 1070 1669 ludibrio
1097 1606 1258 1671 molliores
1280 1617 1313 1672 et

360 1707 576 1791 corruptiores
589 1708 668 1771 facit
683 1730 753 1771 esse
768 1708 851 1771 viros
865 1728 963 1791 quam
977 1707 1131 1771 faeminas.
1168 1708 1313 1791 Tempus

360 1830 490 1893 quoque
506 1809 645 1872 venandi
660 1810 790 1893 culpam
811 1817 976 1886 extenuat,
989 1819 1137 1872 actumve
1153 1828 1313 1872 commen·

361 1908 427 1975 dat.
472 1910 522 1975 Sit
536 1919 642 1974 autern
653 1910 707 1974 bic
723 1920 849 1992 tempus
864 1910 949 1971 utin
964 1910 1046 1974 locis
1061 1910 1315 1993 quampluribus

360 2011 530 2090 invenitur,
545 2033 588 2075 ex
604 2032 643 2075 eo
658 2010 882 2095 opportunitas
904 2010 1126 2091 gerendorum.
1171 2012 1223 2075 Fit
1238 2032 1314 2093 ergo

361 2115 586 2197 intempestiva
602 2113 739 2192 venatio,
753 2114 803 2177 vel
826 2134 869 2176 ex
890 2114 1052 2195 religionis
1075 2115 1177 2191 cultu,
1197 2116 1249 2178 vel
1271 2135 1315 2178 ex

362 2227 478 2278 natura
492 2236 607 2291 rerum,
623 2217 674 2279 rel
695 2236 738 2279 ex
760 2214 871 2279 debito¹
887 2215 996 2292 officii,
1015 2215 1103 2298 quod
1118 2216 1168 2278 vel
1186 2226 1315 2297 praeter·

362 2317 457 2395 mitti,
482 2318 533 2379 rel
557 2318 629 2381 aliis
652 2316 921 2400 occupationibus
943 2315 1097 2398 postponi
1117 2336 1183 2378 non
1206 2316 1313 2380 debet.

364 2418 428 2481 Sed
443 2418 485 2482 de
500 2417 551 2481 his
565 2420 723 2483 hactenus
739 2417 815 2501 quia
834 2438 901 2479 non
915 2418 1093 2480 venaticam
1109 2416 1243 2497 tradere,
1258 2417 1315 2481 sed

363 2519 403 2583 de
434 2520 602 2585 curialium
632 2520 726 2601 nugis
755 2518 867 2600 nugari
896 2518 1097 2600 propositum
1126 2529 1186 2581 est.
1232 2518 1316 2583 Loci

363 2642 491 2705 quoque
506 2622 587 2683 ratio
602 2619 752 2685 habenda
767 2629 826 2697 est,
841 2618 967 2682 scilicet
981 2620 1064 2681 utin
1079 2640 1149 2695 suo,
1165 2621 1216 2682 rel
1231 2640 1316 2683 com-

363 2723 463 2799 muni,
491 2724 542 2783 vel
572 2721 714 2804 publico,
742 2721 832 2783 licita
861 2728 1049 2780 exerceatur
1074 2719 1210 2796 venatio,
1239 2718 1317 2781 dum

364 2835 472 2885 tomen
504 2823 705 2886 consortibus
734 2844 800 2884 non
828 2821 984 2902 irrogetur
1012 2819 1137 2904 injuria,
1164 2831 1201 2884 et
1225 2822 1318 2884 locus

366 2923 553 2987 celebritate
574 2923 623 2986 sui
646 2935 700 2987 aut
720 2922 897 2986 reverentia
910 2923 951 2984 ab
966 2922 1020 2985 his
1033 2920 1319 3006 inquietationibus

364 3046 429 3087 non
454 3026 619 3087 eximatur.
666 3025 730 3097 Qui
752 3024 839 3086 enim
861 3023 896 3085 in
918 3024 1024 3087 aliena
1045 3026 1213 3088 temeraria
1227 3046 1317 3087 usur·

365 3125 494 3207 parione
518 3125 621 3199 irruit,
639 3125 766 3209 laqueis
785 3123 869 3208 juris
891 3134 1016 3188 tenetur
1039 3124 1082 3187 nd
1103 3146 1242 3208 poenam.
1286 3127 1321 3188 Is

368 3246 441 3289 vero
456 3226 572 3288 modus
583 3224 754 3289 laudabilis
766 3235 825 3303 est,
838 3245 936 3308 quum
947 3224 1165 3288 moderatione
1175 3225 1320 3290 adhibita

364 3326 551 3409 prudenter,
576 3337 609 3390 et
639 3329 665 3390 si
694 3327 763 3412 fieri
789 3336 907 3409 potest,
933 3327 1053 3389 utiliter
1082 3337 1262 3405 exercetur,
1284 3338 1319 3390 ut

365 3428 515 3492 mandato
531 3428 656 3492 Comici
672 3427 871 3512 acquiescas,
887 3429 940 3491 Ne
955 3427 1034 3511 qnid
1049 3429 1155 3492 nimis.
1188 3430 1272 3492 Nam
1289 3437 1321 3492 et

504 3541 596 3593 Insani
607 3543 712 3613 sapiens
722 3559 817 3594 nornen
825 3542 901 3607 feret,
912 3560 1003 3612 aequus
1013 3544 1106 3613 iniqui,

506 3624 586 3678 Ultra
596 3643 674 3694 quam
685 3627 750 3680 satis
762 3632 803 3680 ost
814 3628 938 3680 mortem
948 3629 972 3680 si
982 3633 1056 3699 petet
1067 3629 1161 3699 ipsam.

367 3738 458 3802 Nihil
474 3746 580 3800 autem
601 3739 722 3820 turpius
742 3751 801 3814 est,
818 3762 914 3823 quam
930 3743 962 3803 in
978 3742 1075 3802 risum
1098 3739 1320 3803 contuentium

366 3862 422 3904 ora
436 3842 555 3915 laxare,
571 3838 648 3901 dum
663 3860 729 3900 non
747 3839 894 3903 discendi
911 3840 1084 3923 proposito,
1100 3839 1321 3903 vehementius

366 3941 486 4004 insistis
508 3940 579 4018 arti,
595 3961 691 4024 quam
715 3941 852 4015 nescias,
868 3952 905 4003 ut
927 3940 955 4003 si
975 3940 1117 4021 linguam
1141 3960 1236 4023 quam
1256 3961 1323 4004 non

366 4041 503 4119 noveris,
525 4041 649 4106 facetus
671 4050 819 4107 attentes.
865 4041 949 4107 Sunt
969 4061 1044 4105 vero
1066 4061 1226 4124 personae,
1248 4063 1322 4124 quae

367 4162 432 4204 non
458 4141 555 4206 modo
582 4143 720 4221 abhoc,
743 4143 799 4208 sed
825 4143 866 4206 ab
888 4143 960 4206 aliis
984 4142 1190 4226 quibusdam,
1209 4153 1321 4226 utpote

370 4243 544 4308 levioribus
562 4255 596 4307 et
611 4246 809 4330 voluptuosis
830 4244 955 4317 studiis,
975 4245 1008 4306 in
1029 4252 1221 4328 perpetuum
1238 4265 1322 4307 sum·

372 4353 545 4421 morentur,
562 4357 597 4407 ut
613 4347 717 4430 quiin
734 4347 832 4411 sacris
849 4345 1015 4408 ordinibus
1031 4343 1205 4419 constituti,
1220 4353 1251 4404 et
1266 4342 1322 4426 qui
