3575 5575
311 775 380 821 car.
396 759 473 833 vra]
666 773 918 821 marcanmcns.
1220 762 1261 821 ⁷5

313 924 432 989 talibus
447 934 538 1009 pasta
552 946 634 1004 sum,
649 946 709 1008 ego
722 923 773 989 his
787 924 904 987 iterum
926 946 1047 1009 pascar.
1093 925 1170 987 Post
1194 924 1263 989 haec

312 1026 359 1091 illi
375 1026 478 1090 territi
494 1037 728 1111 trementesque
742 1025 924 1103 discedunt,
936 1029 992 1110 qui
1008 1026 1093 1089 hunc
1108 1024 1210 1089 solum
1222 1046 1265 1092 ex

311 1125 458 1189 omnibus
480 1124 687 1189 facultatibus
713 1126 779 1191 suis
803 1126 926 1189 miserae
951 1125 1045 1189 matri
1068 1125 1263 1210 reliquerant

313 1225 430 1289 cibum.
478 1224 612 1310 Repleta
627 1238 674 1289 est
689 1238 796 1305 autem
812 1223 973 1311 confestim
996 1227 1143 1291 universa
1157 1225 1268 1291 civitas

313 1327 424 1391 nefarii
449 1328 574 1391 sceleris
600 1327 727 1409 nuncio,
752 1341 784 1392 et
812 1328 1036 1414 unusquisque
1061 1342 1135 1393 ante
1159 1326 1270 1392 oculos

311 1428 447 1509 facinus,
462 1430 550 1516 quod
565 1443 784 1516 perpetratum
800 1430 917 1505 fuerat,
929 1430 1101 1507 adducens,
1117 1443 1267 1516 tanquam

314 1533 340 1595 si
370 1531 438 1619 ipse
466 1533 527 1597 hoc
552 1548 774 1618 perpetrasset,
799 1531 958 1597 horrebat.
1001 1535 1120 1597 Omnes
1149 1545 1268 1607 autem,

314 1656 397 1718 quos
420 1633 515 1697 famis
538 1634 706 1699 necessitas
729 1632 936 1719 perurgebat,
955 1632 1147 1697 festinabant
1169 1635 1271 1717 magis

315 1732 357 1795 ad
387 1744 533 1810 mortem,
563 1735 673 1797 beatos
709 1733 849 1801 diceutes
883 1755 949 1810 eos,
983 1732 1101 1816 quibus
1135 1731 1270 1817 contigit

316 1836 470 1916 interisse,
499 1836 686 1921 priusquam
717 1836 830 1900 talium
861 1834 1016 1900 malornm
1052 1835 1272 1922 polluerentur

315 1937 443 2002 auditu.
489 1942 571 2004 Haec
586 1936 718 2023 quidem
732 1938 756 1999 J
757 1936 909 2023 osephus.

360 2109 441 2193 Cap.
458 2116 487 2172 7.
511 2108 564 2172 De
577 2129 714 2171 numero
727 2111 940 2189 captivorum,
955 2117 986 2173 ct
999 2111 1184 2183 occisorum,
1200 2115 1230 2171 et

621 2218 854 2295 peremptorum
863 2215 965 2295 fame.

361 2347 464 2422 Quen
479 2366 556 2409 vero
568 2356 658 2411 tanta
669 2345 830 2411 calamitas
842 2346 997 2411 invenerit
1006 2346 1147 2423 exitum,
1159 2346 1271 2412 eodem

318 2460 447 2511 auctore
474 2446 641 2533 perpaucis
664 2446 839 2512 adnectam.
885 2447 1048 2533 Colligeus
1069 2449 1152 2515 enim
1176 2472 1274 2535 supra

320 2548 425 2613 dictus
449 2549 735 2635 historiographus,
757 2572 880 2614 omnem
904 2573 1071 2616 numerum
1094 2566 1275 2637 perempto·

318 2673 390 2714 rum
417 2654 467 2715 vel
494 2650 588 2725 same,
610 2649 661 2712 vel
686 2650 751 2726 siti,
775 2650 825 2714 rel
850 2650 946 2727 ferro,
970 2650 1120 2715 undecies
1142 2665 1275 2716 centena

305 2752 418 2834 ⁴millia
431 2750 622 2834 designavit.
663 2752 804 2814 Caeteros
816 2771 891 2813 vero
905 2754 1055 2826 latrones,
1072 2750 1122 2814 vel
1137 2751 1275 2828 sicarios,

319 2877 356 2917 ac
377 2853 555 2939 praedones,
568 2864 643 2937 post
664 2852 753 2915 urbis
772 2851 945 2931 excidium,
959 2853 1083 2917 mutuis
1103 2852 1276 2918 declaravit

319 2955 462 3018 interisse
472 2951 667 3017 vulneribus.
696 2949 824 3016 Eiectos
834 2963 944 3014 autem
954 2973 1102 3037 quosque
1107 2954 1277 3039 juvenum,

320 3079 402 3142 quos
424 3053 518 3117 decor
541 3052 682 3137 corporis
709 3064 740 3116 et
762 3052 936 3136 proceritas
961 3053 1213 3134 commendabat,
1234 3055 1277 3119 ad

321 3156 518 3242 triumphurn
543 3153 620 3218 dicit
642 3175 708 3216 esse
726 3163 913 3227 reservatos,
930 3151 1070 3238 reliquos
1091 3168 1196 3218 autem
1220 3155 1276 3241 qui

321 3281 416 3340 supra
439 3277 509 3321 xvn
537 3276 634 3318 anuos
661 3254 798 3339 agebant
825 3253 941 3330 aetatis,
969 3257 1091 3318 vinctos
1117 3255 1158 3320 ad
1181 3279 1278 3341 opera

321 3364 456 3448 AEgypti
471 3383 529 3446 per
551 3358 679 3423 metalla
694 3358 880 3437 destinatos,
894 3357 947 3422 vel
970 3379 1026 3442 per
1049 3371 1182 3423 caeteras
1203 3381 1277 3445 pro·

321 3465 440 3527 vincias
469 3485 537 3527 esse
567 3460 736 3546 dispersos.
789 3457 853 3524 Alii
884 3459 1014 3546 quidem
1046 3473 1083 3525 ut
1113 3460 1153 3523 ad
1184 3459 1278 3525 ludos

320 3563 536 3652 gladiatorios,
559 3561 613 3627 alii
636 3576 673 3627 ut
696 3561 737 3626 ad
764 3561 881 3627 bestias
904 3562 1114 3627 traderentur.
1163 3563 1198 3628 Si
1220 3561 1279 3649 qui

319 3685 397 3732 ‘vero
413 3665 498 3730 ultra
519 3665 688 3750 septimum
712 3676 744 3727 et
760 3664 917 3730 decimum
941 3665 1045 3729 aetatis
1066 3665 1182 3750 reperti
1202 3678 1279 3730 suut

322 3791 453 3846 annum,
468 3789 525 3852 per
539 3765 681 3829 diversas
695 3764 873 3851 provincias
892 3766 925 3829 in
943 3765 1126 3830 servitutem
1143 3766 1278 3830 distrahi

318 3870 401 3956 jussi
416 3879 500 3944 sunt,
513 3889 648 3953 quorum
663 3888 813 3930 numerus
826 3888 928 3952 usqne
943 3866 984 3929 ad
998 3865 1170 3948 nonaginta
1181 3864 1279 3930 millia

323 3970 498 4056 perductus
512 3982 570 4035 est.
617 3972 697 4034 Haec
718 3989 792 4030 vero
807 3967 914 4030 omnia
934 3977 1025 4051 gesta
1040 3979 1116 4031 sunt
1138 3968 1280 4032 secundo

320 4096 406 4136 vanrm
422 4064 606 4159 Vespasiani
623 4071 759 4156 imperii,
776 4069 873 4152 juxta
888 4091 926 4131 ea
946 4091 1021 4152 qnae
1035 4068 1104 4154 ipse
1120 4069 1279 4134 Dominus

325 4187 357 4238 et
374 4173 521 4239 Salvator
531 4185 639 4238 noster
650 4174 672 4234 J
674 4195 746 4236 esus
760 4170 909 4238 Christus
923 4170 1134 4256 praedixerat:
1158 4175 1279 4258 quippe

326 4297 423 4359 quum
440 4298 487 4354 ea,
498 4298 571 4359 quae
583 4275 722 4359 gerenda
732 4286 834 4350 erant,
845 4273 1014 4359 praesentia
1026 4273 1158 4338 videret.
1182 4277 1279 4338 'l'un'c

327 4399 429 4462 quum
445 4377 617 4444 secundum
629 4376 867 4460 ‚evangeliorum
884 4375 979 4440 fidem
994 4376 1104 4441 videns
1118 4377 1277 4442 civitatem
