3575 5575
327 822 394 867 cle.
412 805 460 885 m]
680 825 933 870 maronarrcus.
1210 813 1269 872 301

325 971 436 1047 cuerit,
447 995 506 1058 pro
518 997 634 1060 magno
645 990 767 1061 reputa.
801 976 833 1039 si
845 974 1028 1040 schedulam
1042 997 1102 1039 non
1115 975 1273 1051 attuleris,

323 1072 444 1138 frustra
464 1075 602 1140 accedes.
650 1077 683 1141 Si
703 1096 812 1142 autem
831 1076 991 1156 attuleris,
1006 1076 1128 1142 inutilis
1142 1091 1201 1156 est,
1217 1100 1274 1141 nec

324 1175 502 1259 acquiescet
518 1190 554 1242 ut
570 1200 683 1242 manus
697 1176 814 1242 nobilis
833 1177 912 1241 vitio
934 1178 1125 1244 membranas
1140 1179 1281 1262 degens·

325 1287 383 1338 ret.
414 1278 501 1351 Quid
519 1282 643 1343 multa?
669 1282 765 1343 Suam
777 1301 901 1343 necesse
913 1292 961 1343 est
976 1279 1162 1364 comparari,
1171 1302 1273 1366 quum

326 1397 383 1438 nec
403 1401 512 1464 opera,
527 1402 584 1443 nec
604 1381 755 1456 calamus,
776 1392 833 1444 aut
853 1380 991 1466 sepiolae,
1006 1393 1062 1446 aut
1083 1381 1184 1466 nigras
1204 1381 1273 1446 loli-

321 1475 405 1558 ginis
431 1499 557 1554 succus,
584 1479 643 1543 tibi
669 1492 791 1543 constet
821 1479 995 1564 inemptus.
1041 1481 1102 1544 Sed
1130 1494 1162 1545 et
1188 1483 1274 1566 ipsas

323 1575 471 1659 syllabas,
485 1590 518 1644 et
530 1578 646 1664 apices,
660 1579 720 1643 nisi
736 1601 809 1642 eum
825 1578 884 1643 tibi
901 1579 1075 1665 propitium
1092 1581 1214 1657 feceris,
1230 1582 1274 1646 sic

325 1677 548 1764 distorquebit,
570 1689 617 1744 tot
639 1681 697 1745 tibi
720 1681 888 1746 verborum
909 1693 1005 1765 ponet
1029 1681 1215 1763 tendiculas,
1237 1697 1273 1748 ut

323 1801 383 1864 pro
404 1804 481 1867 pace
505 1783 635 1860 bellum,
659 1807 717 1869 pro
739 1783 847 1870 quiete
869 1783 1022 1868 ligitium,
1042 1785 1135 1850 amici
1156 1785 1274 1851 instru-

323 1897 432 1948 mento
459 1884 605 1951 videatur
630 1886 809 1952 inscribere.
857 1886 890 1949 Si
916 1885 1080 1971 cingulum
1105 1889 1188 1954 forte
1215 1889 1273 1953 tibi

222 1983 226 1990 ’
326 1987 488 2050 venustius
507 1987 615 2065 fuerit,
631 1990 657 2053 si
677 1987 858 2051 incisorium
879 1985 995 2072 aptius,
1011 1986 1036 2049 si
1057 1987 1136 2072 quid
1160 1988 1191 2052 in
1215 1991 1272 2054 mi·

324 2098 405 2148 nuta
430 2086 618 2172 supellectili
647 2087 821 2164 decentius,
847 2086 945 2149 rebus
971 2086 1040 2170 ejus
1070 2108 1271 2164 connumera,

324 2183 383 2246 nisi
399 2185 458 2248 tibi
474 2186 575 2270 perire
591 2187 668 2251 velis
682 2209 823 2272 operam,
835 2196 867 2249 et
882 2185 1074 2271 impensam.
1106 2187 1175 2252 Aut
1187 2189 1270 2251 enim

324 2283 471 2366 precibus
485 2287 742 2372 extorquebitur,
754 2298 809 2351 aut
825 2308 878 2349 eas
889 2285 1079 2350 liberalitate
1089 2288 1272 2370 praevenies.

326 2385 471 2450 Tandem
493 2387 613 2471 pileum
638 2387 858 2473 qualecunque
880 2386 931 2458 sit,
954 2385 1132 2468 asportabit
1152 2387 1273 2452 amicus

324 2485 355 2548 in
376 2487 558 2550 memoriam
579 2487 637 2552 tui.
680 2491 754 2553 Jam
769 2509 790 2549 a
807 2487 906 2549 Cosso
926 2484 1112 2568 digrederis,
1134 2486 1188 2550 sed
1213 2488 1272 2552 tibi

322 2586 405 2670 ignis
427 2591 631 2672 purgatorius
655 2587 809 2665 imminet,
835 2599 977 2672 superest
1001 2585 1147 2662 Veiento,
1174 2611 1271 2672 quem

324 2687 426 2752 multa
441 2687 624 2752 sollicitabis
644 2687 806 2766 instantia,
820 2698 853 2749 et
872 2708 988 2768 magno
1002 2685 1136 2749 artificio
1150 2700 1273 2771 gestus,

323 2812 467 2873 precum,
485 2801 518 2854 et
540 2811 720 2870 munerum,
742 2802 777 2854 ut
801 2802 834 2853 te
852 2789 960 2852 clauso
980 2785 1095 2851 labello
1114 2790 1273 2874 respiciat.

327 2892 424 2954 Tunc
448 2890 489 2954 de
514 2891 647 2978 singulis
672 2892 777 2956 verbis
802 2890 834 2954 in
860 2888 1026 2953 consilium
1053 2889 1130 2966 itur,
1154 2890 1273 2957 delibe-

324 2992 440 3056 rationi
451 2992 668 3077 praescribitur
677 3005 813 3079 tempus,
821 3004 854 3058 et
865 2992 971 3077 apices
980 2990 1096 3076 singuli
1108 3005 1273 3077 ponuntur

322 3094 355 3157 in
372 3094 500 3158 statera.
545 3094 615 3159 Nisi
635 3117 708 3159 eum
730 3091 955 3180 praemulseris,
971 3100 1114 3157 occurret
1128 3091 1187 3155 tibi
1208 3114 1272 3157 non

324 3195 461 3261 fideliter
476 3200 520 3261 rei
534 3210 634 3282 gestae
649 3208 801 3281 concepta
815 3195 922 3272 series,
937 3204 995 3257 aut
1017 3193 1121 3277 stylus
1135 3192 1274 3257 incultus

322 3298 437 3374 oberit,
455 3312 511 3363 aut
532 3322 552 3363 a
571 3299 700 3387 publica
719 3299 822 3362 forma
844 3293 960 3360 notarii
980 3293 1028 3358 vel
1052 3293 1205 3359 scriniarii
1223 3295 1273 3360 di-

323 3412 448 3465 vertens
472 3400 660 3486 benignitas,
681 3414 739 3464 aut
765 3396 959 3483 negligentia
980 3396 1075 3482 juris,
1099 3407 1131 3461 et
1156 3396 1274 3483 aliquis

324 3523 447 3585 semper
471 3504 576 3567 nodus
600 3506 736 3589 pecunia
762 3502 886 3566 vindice
912 3496 1080 3584 indigebit.
1125 3500 1175 3565 Ut
1200 3521 1274 3565 vero

324 3600 489 3665 minimum
505 3604 612 3679 laedat,
627 3608 723 3689 longa
737 3602 956 3689 expectatione
972 3600 1179 3686 torqueberis,
1195 3600 1273 3665 dum

324 3701 474 3766 differtur
487 3701 575 3787 qnod
590 3703 698 3785 negari
720 3724 782 3764 non
800 3714 915 3787 potest.
960 3702 1106 3783 Experto
1121 3698 1225 3774 crede,
1241 3700 1274 3762 in

324 3824 439 3867 manus
453 3823 563 3865 eorum
584 3800 697 3863 millies
719 3799 826 3878 incidi,
841 3812 872 3861 et
897 3808 933 3860 ut
954 3795 1078 3880 aliquid
1101 3794 1142 3858 de
1156 3796 1275 3861 fabulis

326 3918 520 3983 mutuemur,
536 3903 673 3987 portitor
692 3900 824 3966 immitis
848 3898 987 3974 Charon,
1004 3896 1060 3981 qui
1081 3897 1199 3960 nemini
1221 3920 1276 3983 pe·

325 4007 427 4091 percit
451 4027 605 4090 unquam,
618 4003 688 4067 istis
706 4002 800 4086 longe
818 3997 1002 4064 clementior
1020 4009 1077 4061 est.
1123 3996 1213 4082 Stipe
1235 4000 1275 4063 si-

325 4107 464 4191 quidem,
481 4106 531 4171 vel
547 4106 660 4170 triente
676 4103 755 4168 solet
770 4124 836 4166 esse
850 4110 1028 4163 contentus.
1065 4101 1107 4162 At
1123 4097 1177 4162 isti
1192 4122 1275 4165 asses

327 4208 466 4292 integros
480 4207 538 4271 sibi
556 4206 763 4291 multiplicari
772 4204 900 4290 jubent.
939 4200 1001 4266 Sed
1018 4199 1170 4285 quidest,
1187 4203 1275 4285 quod

325 4309 412 4395 apud
422 4309 667 4375 curialesomnia
678 4330 795 4394 queror
804 4328 870 4370 esse
881 4302 1121 4387 venalia,quum
1132 4325 1169 4366 ea
1179 4305 1273 4368 etiam

326 4440 400 4505 quae
424 4438 486 4479 non
511 4426 594 4491 sunt,
620 4431 724 4475 rerum
753 4406 871 4471 scilicet
896 4402 1100 4489 privationes,
1127 4402 1275 4467 venalitio
