3575 5575
348 826 418 871 cse.
434 807 496 882 v1.]
693 823 948 870 marcasrrcus.
1238 811 1301 870 939

349 979 419 1042 dem
438 977 509 1041 Diis
530 975 631 1040 habeo
649 976 796 1060 gratiam,
812 998 875 1038 non
890 974 1025 1061 proinde
1040 975 1116 1060 quia
1131 988 1226 1040 natus
1241 989 1298 1052 cst,

348 1101 445 1165 quam
468 1100 527 1162 pro
556 1102 594 1141 eo
624 1076 711 1163 quod
733 1100 806 1141 eum
829 1077 915 1142 nasci
942 1075 1077 1160 contigit
1104 1075 1301 1160 temporibus

347 1179 422 1244 vitre
448 1192 524 1244 tuse.
571 1180 671 1263 Spero
699 1176 817 1241 etenim
842 1176 921 1250 fore,
950 1189 987 1240 ut
1014 1175 1170 1239 educatus
1196 1175 1302 1242 erudi-

348 1292 466 1365 tusque
480 1304 499 1342 a
515 1292 558 1357 te,
571 1279 689 1362 dignus
704 1279 820 1342 existat
835 1290 868 1341 et
883 1277 987 1353 nobis,
999 1290 1030 1342 et
1046 1299 1152 1342 rerum
1168 1278 1301 1342 istarum

349 1383 561 1468 susceptione.
606 1385 769 1445 Romanos
791 1384 1004 1464 Imperatores
1019 1392 1074 1443 aut
1092 1382 1209 1456 Duces,
1224 1379 1301 1445 dum

350 1503 461 1545 eorum
484 1480 664 1566 respublica
685 1479 798 1562 viguit,
813 1478 980 1542 illiteratos
995 1479 1138 1542 extitisse
1154 1501 1216 1541 uon
1240 1502 1304 1542 me-

350 1583 438 1647 mini.
484 1584 530 1645 Et
545 1581 651 1646 nescio
674 1578 834 1665 quomodo
854 1579 1001 1661 contigit,
1016 1579 1101 1663 quod
1124 1602 1165 1641 ex
1182 1602 1248 1664 quo
1270 1583 1303 1644 in

350 1684 550 1770 principibus
570 1684 673 1747 virtus
693 1681 818 1766 languit
838 1681 1014 1760 literarum,
1029 1693 1159 1746 armatae
1176 1704 1305 1767 quoque
1411 1718 1413 1722 ν

351 1785 475 1851 militiae
504 1785 664 1850 infirmata
693 1797 740 1847 est
770 1805 893 1861 manus,
919 1797 951 1846 et
977 1782 1078 1867 ipsius
1107 1783 1305 1868 principatus

352 1887 443 1972 quasi
458 1886 588 1971 praecisa
600 1885 701 1952 radix.
736 1888 804 1949 Nec
815 1884 1050 1970 mirum‚quum
1064 1883 1129 1947 sine
1142 1886 1307 1970 sapientia,

353 1987 464 2057 nullus
486 2001 579 2066 stare,
601 1999 658 2050 aut
680 2009 747 2050 esse
768 1985 872 2050 valeat
893 1986 1101 2073 principatus.
1147 1988 1230 2065 Quia
1255 2011 1307 2053 sa-

353 2090 473 2176 pientia
489 2091 551 2155 Dei
566 2088 662 2163 dixit,
679 2088 754 2154 Sine
770 2111 820 2152 me
839 2087 918 2153 nihil
941 2088 1074 2173 potestis
1088 2089 1202 2154 lacere.
1250 2093 1305 2153 So-

350 2205 454 2262 crates
473 2191 631 2278 Apollinis
645 2191 774 2254 oraculo
792 2190 1043 2277 sapientissimus
1060 2191 1226 2276 judicatus
1246 2207 1304 2273 est,

351 2294 456 2380 etqui
473 2293 539 2358 sine
557 2293 806 2358 contradictione
824 2306 945 2378 septem
963 2291 1047 2368 illos,
1063 2293 1120 2377 qui
1136 2292 1216 2357 dicti
1232 2308 1305 2358 sunt

351 2397 519 2482 sapientes,
533 2394 825 2481 incomparabiliter
836 2394 1014 2468 antecessit,
1030 2415 1093 2456 non
1109 2395 1140 2456 in
1157 2395 1306 2480 opinione

352 2499 526 2586 sapientiae,
546 2499 600 2562 sed
618 2502 749 2576 virtute,
772 2510 849 2561 tunc
871 2495 1000 2560 demum
1021 2496 1217 2583 respublicas
1236 2499 1304 2560 fore

353 2601 462 2665 beatas
484 2601 631 2677 asseruit,
655 2601 680 2664 si
703 2623 756 2662 eas
778 2599 960 2685 philosophi
983 2612 1139 2682 regerent,
1161 2613 1216 2664 aut
1240 2623 1306 2663 rec-

352 2714 437 2764 tores
451 2724 560 2763 earum
577 2701 706 2764 studere
721 2698 886 2783 sapientiae
901 2699 1096 2782 contigisset.
1142 2701 1187 2763 Et
1203 2703 1228 2764 si
1244 2701 1303 2765 tibi

353 2806 495 2868 Socratis
519 2802 646 2864 videtur
672 2800 902 2864 contemnenda
927 2801 1119 2864 auctoritas:
1158 2806 1220 2866 Per
1245 2825 1306 2882 me,

352 2905 459 2991 inquit
482 2904 646 2991 sapientia,
668 2926 759 2988 reges
779 2917 923 2987 regnant,
944 2917 976 2968 et
999 2904 1178 2969 conditores
1198 2904 1305 2991 legum

349 3008 439 3090 justa
454 3006 638 3069 decernunt.
683 3010 744 3070 Per
767 3029 816 3070 me
839 3006 998 3091 principes
1019 3008 1188 3091 imperant,
1204 3022 1235 3071 et
1251 3031 1307 3093 po-

353 3123 456 3174 tentes
468 3110 641 3173 decernunt
652 3110 823 3195 justitiam.
862 3111 936 3193 Ego
951 3109 1119 3193 diligentes
1131 3133 1180 3173 me
1195 3111 1306 3195 diligo,

353 3223 384 3275 et
401 3211 458 3296 qui
474 3234 565 3274 mane
588 3210 790 3295 vigilaverint
810 3212 851 3274 ad
871 3233 932 3289 me,
948 3209 1106 3276 invenient
1129 3234 1188 3277 me.
1235 3215 1306 3277 Me·

353 3337 425 3377 cum
450 3328 524 3380 sunt
538 3312 661 3379 divitia
676 3326 709 3380 et
732 3314 846 3399 gloria,
862 3334 941 3398 opes
957 3313 1103 3398 superbae
1118 3326 1156 3391 et,
1168 3316 1305 3400 justitia.

356 3416 473 3480 Melior
498 3429 547 3481 est
576 3417 703 3482 fructus
729 3439 818 3481 mens
844 3438 934 3490 auro,
963 3428 994 3479 et
1022 3415 1128 3501 lapide
1157 3418 1306 3502 pretioso,

353 3517 514 3601 genimina
536 3541 606 3582 mea
627 3532 761 3603 argento
783 3518 894 3585 electe.
942 3517 979 3581 ln
1004 3518 1063 3582 viis
1083 3520 1220 3603 justitiae
1242 3544 1307 3589 arn-

355 3618 442 3692 bulo,
458 3622 490 3682 in
506 3619 610 3681 medio
626 3619 809 3683 semitarum
826 3609 956 3704 judicii,
974 3634 1010 3683 ut
1025 3621 1124 3684 ditem
1141 3622 1309 3705 diligentes

356 3743 417 3797 me,
433 3733 465 3784 et
481 3720 646 3785 thesauros
665 3742 774 3783 eorum
795 3720 943 3805 repleam.
991 3724 1094 3785 Item:
1134 3728 1244 3789 Meum
1260 3738 1306 3788 est

356 3821 522 3888 consilium
551 3835 584 3884 et
610 3822 759 3904 aequitas,
784 3842 855 3883 mea
880 3835 928 3883 est
953 3822 1137 3905 prudentia,
1166 3846 1235 3889 mea
1260 3840 1307 3891 est

357 3926 527 3997 fortitudo.
566 3926 610 3997 Et
627 3922 718 3995 alibi:
744 3922 891 4007 Accipite
906 3922 1117 4009 disciplinam,
1133 3940 1164 3991 et
1179 3948 1240 3991 uon
1256 3952 1310 4015 pe-

356 4028 493 4107 cuniam,
504 4027 681 4096 doctrinam
693 4025 901 4110 magisquam
917 4048 1030 4091 aurum
1046 4026 1165 4113 eligite.
1190 4032 1307 4100 Melior

358 4142 405 4192 est
434 4131 518 4195 enim
545 4128 699 4215 sapientia
718 4127 842 4198 cunctis
869 4127 985 4212 opibus
1011 4130 1253 4214 pretiosissimis,
1277 4147 1309 4199 et

359 4253 452 4293 omne
474 4231 682 4299 desiderabile
704 4234 734 4295 ei
756 4253 819 4293 non
842 4242 947 4315 potest
970 4233 1154 4318 comparari.
1201 4236 1308 4310 Quum

358 4331 494 4413 gentiles
505 4332 582 4395 nihil
594 4333 659 4397 sine
670 4347 752 4398 nutu
765 4334 932 4402 numinum
943 4332 1106 4398 crederent
1118 4336 1311 4416 faciendum,

359 4453 459 4497 unum
480 4446 584 4496 tamen
604 4435 694 4517 quasi
717 4439 821 4499 Deum
843 4434 987 4512 deorum,
1009 4447 1039 4497 et
1060 4435 1200 4501 omnium
1225 4439 1311 4519 priu-
