3575 5575
490 814 553 872 288
755 823 892 869 rasurus
908 819 1185 866 saansanarnnsrs
1313 801 1395 881 [arn.
1411 823 1443 866 v.

492 977 521 1042 ei
546 974 738 1041 abstinentia
761 996 884 1038 summa
907 975 1059 1059 pepercit,
1084 983 1184 1036 utne
1208 970 1292 1035 illam
1313 971 1444 1058 quidem

490 1081 658 1165 aspexerit.
703 1078 775 1154 Qua
797 1098 871 1139 mox
892 1074 934 1138 ad
956 1095 1106 1160 sponsum
1127 1073 1266 1154 remissa,
1288 1074 1444 1138 universae

493 1179 596 1263 gentis
616 1202 673 1264 per
694 1179 754 1242 hoc
780 1176 968 1243 beneficium
992 1175 1052 1240 sibi
1077 1190 1198 1240 mentes
1220 1175 1444 1240 reconciliavit.

493 1279 545 1344 Sic
555 1278 753 1343 humanitate
767 1299 912 1352 suorum,
923 1275 1096 1340 alienorum
1112 1277 1234 1340 animos
1249 1275 1308 1340 sibi
1318 1277 1444 1363 justitia

491 1379 645 1443 devinxit.
693 1377 801 1442 Simile
822 1390 869 1441 est
892 1376 981 1462 quod
1005 1376 1110 1462 Scipio
1127 1376 1296 1442 Africanus
1312 1377 1347 1440 in
1367 1378 1445 1443 His-

492 1481 587 1567 pania
600 1480 700 1565 egisse
722 1478 850 1565 legitur,
865 1480 920 1542 cui
940 1500 1041 1564 quum
1056 1477 1147 1565 virgo
1167 1478 1282 1544 nobilis
1303 1478 1444 1543 omnium

492 1587 526 1650 in
543 1606 576 1647 se
591 1581 713 1646 decoris
735 1580 943 1645 admiratione
962 1594 1150 1646 convertens
1173 1581 1292 1659 oculos,
1307 1580 1446 1646 adducta

492 1698 584 1761 esset,
600 1709 668 1750 eam
684 1707 799 1770 sponso
814 1683 940 1747 nomine
955 1682 1062 1747 Alicio
1081 1682 1233 1763 reddidit,
1249 1683 1399 1768 adjiciens
1414 1697 1446 1748 et

492 1810 618 1867 aurum,
632 1786 720 1872 quud
734 1799 881 1872 parentes
894 1784 927 1848 in
941 1786 1195 1872 redemptionemv
1210 1786 1345 1872 captivae
1360 1799 1447 1852 attu-

492 1893 607 1966 lerant,
620 1902 656 1954 ut
670 1901 751 1953 esset
768 1887 883 1973 virgini
898 1888 930 1951 in
947 1886 1066 1968 dotem,
1080 1901 1138 1953 aut
1153 1891 1268 1954 marito
1281 1887 1313 1952 in
1329 1911 1447 1954 munus

493 1989 646 2076 nuptiale.
692 1993 807 2075 Itaque
837 1988 1008 2075 multiplici
1037 1989 1272 2075 magnificentia
1301 1989 1448 2054 universa

493 2112 572 2175 gens
587 2089 681 2162 victa,
694 2099 767 2174 quae
781 2089 865 2153 forte
879 2089 957 2153 alias
968 2113 1169 2169 cessuramon
1182 2092 1297 2170 luerat,
1310 2091 1447 2156 Romani

494 2191 619 2278 imperii
635 2191 755 2278 populo
769 2191 910 2255 accessit.
955 2184 1104 2358 Camilljo
1119 2194 1260 2259 Faliscos
1279 2193 1449 2274 obsidenti,

495 2296 646 2379 magister
660 2293 730 2358 ludi
745 2292 861 2358 liberos
876 2293 1040 2358 Faliscoru
1097 2309 1248 2383 tanquam
1263 2297 1448 2362 ambulandi

495 2419 600 2476 causa,
615 2409 707 2462 extra
721 2419 851 2461 murum
872 2397 1014 2474 eductos,
1030 2398 1175 2478 tradidit,
1190 2398 1298 2463 dicens
1318 2400 1450 2465 retentis

494 2499 670 2578 obsidibus,
695 2499 867 2576 civitatem,
898 2500 1070 2563 necessario
1099 2501 1256 2566 lecturam
1284 2502 1450 2588 imperata.

496 2601 651 2669 Camillus
676 2623 753 2666 vero
773 2624 836 2666 non
858 2601 960 2667 solum
983 2602 1102 2689 sprevit
1125 2603 1302 2689 perfidiam,
1325 2603 1379 2669 sed
1401 2626 1449 2667 re-

495 2704 614 2769 strictis
624 2703 772 2768 manibus
783 2715 855 2787 post
868 2716 968 2789 terga,
982 2706 1171 2789 magistrum
1182 2706 1283 2790 virgis
1291 2703 1446 2793 agendum

495 2806 536 2872 ad
563 2820 710 2895 parentes
736 2807 843 2892 pueris
868 2806 1013 2883 tradidit,
1039 2806 1176 2892 adeptus
1206 2808 1358 2872 beneficio
1386 2806 1451 2871 vic-
1569 2888 1574 2895 ฮน

496 2910 623 2985 toriam,
639 2931 736 2996 quam
752 2908 865 2972 fraude
885 2931 948 2972 non
964 2908 1181 2995 concupierat.
1227 2913 1311 2975 Nam
1333 2908 1449 2973 Falisci

496 3011 538 3075 ob
554 3011 634 3074 hanc
649 3009 808 3096 justitiam
824 3023 937 3097 sponte
952 3032 985 3074 se
1004 3009 1204 3077 dediderunt.
1247 3012 1349 3077 Extat
1371 3032 1448 3097 quo-

497 3135 561 3200 que
584 3109 728 3198 ejusdem
752 3108 879 3177 Camilli
902 3131 964 3173 non
987 3107 1158 3193 ignobilior
1173 3107 1296 3174 titulus.
1341 3111 1447 3186 Quum

497 3214 581 3277 enim
604 3225 676 3299 post
698 3212 843 3279 subactas
869 3211 1013 3277 civitates
1039 3223 1071 3276 et
1099 3210 1279 3297 triumphos
1301 3212 1450 3295 insignes,

496 3314 643 3379 militaris
657 3337 771 3379 manus
785 3314 905 3379 invidia
921 3314 1089 3390 concitata,
1104 3313 1275 3379 damnatus
1289 3326 1321 3378 et
1336 3314 1451 3399 expul-

497 3438 551 3481 sus
565 3429 646 3480 esset
660 3416 800 3491 civitate,
815 3416 903 3502 quasi
924 3416 1036 3501 praeda
1049 3416 1210 3481 communi
1231 3414 1372 3501 iniquius
1386 3414 1450 3480 dis-

496 3517 637 3583 tributa:
668 3517 864 3582 irruentibus
887 3518 1066 3583 Senonibus
1089 3518 1192 3583 Gallis
1215 3517 1248 3581 in
1271 3517 1395 3595 urbem,
1417 3529 1450 3583 et

497 3620 652 3684 Romanis
661 3618 830 3684 undecimo
839 3617 986 3683 milliario
996 3618 1088 3684 victis
1097 3608 1184 3705 apud
1194 3618 1312 3684 flumen
1323 3619 1450 3696 Alliam,

495 3746 553 3789 nec
567 3724 600 3788 in
616 3722 685 3811 ipsa
701 3724 780 3788 urbe
799 3722 971 3809 quicquam
986 3734 1104 3808 praeter
1119 3721 1314 3807 Capitolium
1332 3719 1450 3786 servari

495 3838 612 3912 posset,
625 3839 657 3891 et
672 3827 733 3892 hoc
747 3848 827 3891 auro
841 3826 928 3904 dato,
940 3838 975 3889 ut
990 3824 1076 3889 Galli
1091 3824 1286 3906 recederent,
1298 3823 1451 3890 Camillus

496 3923 591 3989 etiam
621 3926 757 4011 ingratae
786 3925 982 4011 compatiens
1012 3922 1136 4010 patriae,
1166 3922 1293 3987 eosdem
1324 3922 1450 4001 cecidit,

496 4046 612 4088 aurum
626 4026 771 4104 abstulit,
782 4028 1001 4091 Romanorum
1013 4024 1137 4112 aquilas
1148 4025 1332 4111 reportavit.
1355 4023 1451 4090 Unde

495 4124 529 4188 in
555 4139 646 4189 sexto
673 4127 809 4212 Virgilii,
835 4128 919 4193 inter
948 4142 1078 4194 caeteros
1103 4127 1265 4193 AEneadas
1290 4126 1451 4214 praediscit

498 4227 615 4291 AEneas
1017 4233 1022 4253 ยน

740 4334 897 4389 referentem
909 4337 985 4405 signa
998 4336 1147 4391 Camillum.

499 4434 616 4521 Itaque
632 4433 672 4499 ab
687 4430 783 4497 exilio
805 4445 983 4516 revocatus,
997 4433 1092 4499 tertio
1114 4432 1317 4518 triumphans
1341 4430 1451 4495 urbem
