3575 5575
494 821 558 879 2³4
758 827 894 872 cosmus
910 823 1185 870 sasasnnamusrs
1307 805 1389 884 [orn.
1406 825 1448 869 tv.

493 994 587 1048 erunt
599 978 893 1064 bonafiscaliaquae
903 975 1217 1062 publicaconlitetur.
1241 977 1309 1039 Nec
1320 978 1447 1054 mirum,

494 1105 596 1170 quum
612 1104 669 1145 nec
686 1081 754 1167 ipse
769 1102 847 1143 suus
862 1078 915 1153 sit,
932 1076 987 1142 sed
1003 1075 1217 1140 subditorum.

492 1361 572 1444 Cap.
591 1363 621 1421 6.
646 1357 741 1425 Quod
762 1355 850 1417 debet
868 1356 968 1433 Iegem
990 1352 1055 1414 Del
1076 1351 1192 1414 babere
1209 1369 1284 1432 prae
1297 1355 1402 1412 mente
1415 1355 1446 1412 et

535 1460 637 1522 oculis
650 1476 785 1538 semper,
800 1462 831 1517 ct
850 1455 978 1534 peritus
992 1472 1057 1515 esse
1070 1453 1108 1514 io
1124 1453 1235 1525 literis,
1251 1459 1283 1514 et
1304 1452 1446 1513 literato·

534 1580 610 1622 rum
625 1559 683 1639 ogi
697 1557 849 1619 consillia.

535 1695 718 1763 POSTQUAM
733 1702 840 1754 autem
854 1685 969 1751 sederit
983 1687 1015 1749 in
1029 1685 1106 1750 solio
1119 1686 1208 1772 regni
1220 1686 1281 1767 sui,
1293 1687 1448 1753 describet

493 1794 553 1860 sibi
569 1791 856 1857 Deuteronomium
879 1789 959 1874 legis
980 1788 1079 1875 hujus
1101 1789 1132 1851 in
1149 1788 1319 1852 volumine.
1363 1793 1448 1855 Ecce

493 1900 569 1984 quia
590 1896 739 1982 princeps
761 1916 823 1957 non
846 1893 942 1957 debet
963 1917 1029 1957 esse
1047 1893 1133 1979 juris
1155 1892 1296 1978 ignarus,
1319 1906 1350 1958 et
1374 1894 1446 1959 licet

491 1998 602 2063 multis
613 1996 786 2083 privilegiis
801 1995 952 2078 gaudeat,
964 2018 1020 2058 nec
1037 1994 1158 2059 militiae
1173 2009 1332 2079 praetextu
1344 1996 1444 2080 legem

492 2100 624 2167 Domini
639 2098 838 2181 permittitur
852 2100 1007 2179 ignorare.
1053 2098 1221 2162 Describet
1233 2121 1309 2182 ergo
1324 2099 1446 2163 Deute-

491 2201 670 2266 ronomium
687 2198 776 2284 legis,
793 2198 826 2263 id
846 2212 905 2278 est,
920 2199 1091 2263 secundam
1114 2199 1214 2285 lege'm
1238 2199 1269 2263 in
1287 2200 1446 2265 volumine

454 2293 459 2300 ¹
492 2303 615 2378 cordis;
640 2314 676 2367 ut
689 2302 729 2367 sit
740 2302 793 2366 lex
808 2302 922 2387 prima,
935 2324 1030 2388 quam
1044 2301 1137 2367 litera
1150 2301 1283 2387 ingerit3
1308 2302 1447 2368 secunda

491 2430 587 2494 quam
613 2427 653 2468 ex
680 2403 709 2468 ei
740 2407 893 2490 mysticus
919 2403 1101 2469 intellectus
1129 2405 1280 2489 agnoscit.
1338 2405 1446 2468 Prima

493 2509 621 2596 quidem
647 2507 741 2571 scribi
767 2507 874 2594 potuit
902 2507 1021 2572 tabulis
1047 2507 1199 2594 lapideis3
1232 2507 1285 2573 sed
1309 2507 1447 2571 secunda

492 2634 553 2675 nou
569 2608 775 2696 imprimitur,
791 2608 852 2671 nisi
874 2609 907 2671 in
927 2608 1057 2694 puriore
1081 2609 1290 2694 intelligentia
1311 2610 1447 2673 mentis?

490 2715 537 2776 Et
553 2723 636 2775 recte
651 2710 682 2773 in
701 2708 862 2772 volumine
881 2710 1167 2775 Deuteronomium
1193 2711 1353 2787 scribitur,
1370 2710 1447 2798 quia

492 2819 536 2881 sic
551 2814 639 2902 apud
657 2837 689 2877 se
712 2835 837 2877 sensum
862 2812 940 2895 legis
963 2812 1110 2900 princeps
1133 2815 1280 2891 revolvit,
1296 2815 1382 2901 quod
1405 2817 1446 2879 ab

490 2913 590 2979 oculis
603 2915 674 2997 ejus
688 2912 779 2977 litera
794 2935 856 2976 non
873 2912 1003 2977 recedit.
1049 2915 1095 2978 Et
1111 2918 1155 2979 sic
1177 2915 1306 3001 quidem
1329 2916 1446 2981 insistit

490 3017 603 3092 literar,
624 3027 662 3078 ut
684 3038 886 3102 nequaquam
911 3016 952 3080 ab
974 3016 1156 3081 intellectus
1179 3018 1338 3082 discordet
1361 3018 1448 3104 puri-

493 3131 567 3183 tate.
609 3114 721 3181 Litera
735 3139 873 3203 namque
888 3116 1016 3192 occidit,
1029 3118 1161 3205 spiritus
1177 3132 1284 3183 autem
1297 3120 1448 3199 vivificat,

491 3239 523 3285 et
550 3243 646 3307 penes
671 3223 788 3306 ipsum,
816 3218 947 3283 humani
973 3221 1058 3305 juris
1083 3234 1114 3285 et
1145 3222 1316 3307 aequitatis,
1343 3223 1448 3287 media

490 3321 712 3407 interpretatio
723 3325 909 3394 necessaria,
921 3335 953 3387 et
965 3323 1120 3406 generalis
1131 3334 1229 3387 extat.
1270 3324 1446 3409 Accipiens,

490 3421 1032 3507 inquit,exemplarasacerdotibus
1042 3422 1192 3487 Leviticae
1203 3422 1315 3486 tribus.
1347 3426 1446 3488 Recte

491 3523 632 3609 quidem.
679 3522 830 3588 Omnium
847 3523 954 3608 legum
978 3524 1080 3587 inanis
1103 3539 1149 3587 est
1172 3545 1317 3601 censura,
1334 3525 1359 3588 si
1383 3547 1444 3589 non

491 3627 610 3690 divinae
634 3624 712 3710 legis
734 3627 905 3710 imaginem
928 3638 1038 3712 gerat;
1070 3639 1102 3690 et
1126 3626 1246 3691 inutilis
1260 3640 1308 3692 est
1330 3628 1446 3692 consti-

490 3730 575 3795 tutio
605 3727 770 3815 principis,
797 3727 822 3791 si
848 3751 911 3791 non
939 3727 1171 3794 Ecclesiasticae
1201 3728 1379 3814 disciplinae
1405 3730 1445 3792 sit

491 3831 670 3896 conformis.
726 3829 822 3905 Quod
852 3844 883 3895 et
916 3831 1223 3896 Christianissimum
1252 3853 1314 3894 non
1350 3830 1445 3895 latuit

489 3933 675 4019 principem,
698 3932 754 4018 qui
778 3932 904 4018 legibus
930 3933 995 3996 suis
1017 3932 1147 4015 indixit,
1169 3956 1209 3997 ne
1232 3932 1446 4018 dedignentur

490 4055 594 4097 sacros
618 4055 754 4098 canones
780 4034 910 4099 imitari.
962 4037 1007 4099 Et
1033 4059 1096 4100 non
1123 4037 1219 4100 modo
1245 4036 1444 4099 sacerdotum

489 4131 682 4218 exemplaria
704 4134 768 4218 peti
792 4136 951 4221 praecipit,
968 4136 1021 4200 sed
1046 4138 1087 4201 ad
1111 4136 1289 4200 Leviticam
1313 4136 1445 4215 tribum,

489 4234 659 4298 mutuandi
674 4234 790 4319 gratia,
805 4235 980 4320 principem
998 4234 1105 4299 mittit.
1145 4234 1196 4298 Sic
1212 4235 1295 4297 enim
1311 4234 1445 4319 legitimi

490 4337 668 4402 sacerdotes
695 4335 846 4400 audiendi
873 4348 960 4412 sunt,
985 4348 1022 4400 ut
1048 4336 1190 4422 reprobis
1215 4349 1247 4401 et
1277 4335 1447 4399 ascenden-

488 4442 575 4507 tibus
590 4464 629 4505 ex
644 4439 789 4518 adverso,
805 4462 931 4503 omnem
947 4439 995 4503 vir
1011 4439 1121 4524 justus
1136 4439 1266 4503 claudat
1284 4438 1444 4503 auditum.
