3575 5575
480 773 545 832 21⁰
747 785 882 830 maurus
899 783 1172 830 saansaaarausu
1284 769 1369 844 [nm.
1387 787 1438 832 111·

485 937 541 999 bat
556 933 657 1011 virile,
673 935 733 999 nisi
757 958 871 999 nomen
894 933 1030 1020 imperii.
1074 933 1123 998 Ut
1147 945 1252 998 tamen
1277 934 1436 1020 ignaviam

487 1035 611 1111 mentia,
623 1049 655 1100 et
666 1037 812 1100 inertiam
824 1037 976 1122 corporis,
988 1035 1048 1098 sub
1063 1047 1223 1119 praetextu
1239 1037 1437 1122 principatus

485 1137 656 1216 occuleret,
677 1137 823 1223 quotidie
849 1138 909 1201 sibi
936 1148 1090 1200 secretum
1119 1135 1269 1200 horarum
1295 1136 1437 1222 spacium

486 1238 688 1316 vendicabat,
710 1261 767 1302 nec
792 1238 964 1324 quicquam
992 1235 1151 1300 interdurn
1177 1236 1281 1300 facere
1305 1260 1436 1302 consue·

487 1351 586 1417 verat,
601 1336 661 1402 nisi
675 1349 802 1421 captare
822 1359 957 1410 muscaS,
973 1347 1005 1400 et
1029 1334 1154 1399 easdem
1180 1335 1252 1400 stilo
1275 1350 1439 1422 praeacuto

487 1440 666 1525 configere;
693 1452 730 1504 ut
744 1438 871 1504 cuidam
887 1437 1107 1520 interroganti,
1123 1438 1236 1522 nequis
1256 1437 1341 1503 intus
1356 1451 1437 1504 esset

486 1565 559 1606 cum
572 1544 709 1618 Caesare,
719 1563 780 1604 non
793 1539 931 1604 absurde
943 1539 1002 1603 sibi
1015 1561 1199 1624 responsum
1209 1541 1249 1603 sit
1258 1562 1278 1602 a
1289 1541 1435 1608 Metello:

487 1645 556 1707 Nec
570 1667 679 1709 musca
695 1639 837 1729 quidem.
881 1641 975 1719 Quod
999 1641 1073 1706 licet
1095 1640 1280 1726 impiissimo
1302 1643 1438 1729 principi

487 1746 673 1823 innotuerit,
699 1744 898 1810 dissimulare
924 1743 1048 1821 maluit,
1075 1766 1173 1829 quam
1203 1743 1326 1830 punire.
1376 1747 1439 1812 Sed

489 1873 546 1913 cur
554 1847 717 1934 patientiae
729 1845 875 1931 exempla
884 1868 1040 1932 propono,
1050 1867 1148 1930 quum
1161 1847 1308 1912 omnibus
1321 1847 1440 1934 liqueat

489 1950 567 2013 nihil
592 1950 720 2014 firmum
747 1971 813 2012 esse
838 1960 870 2012 et
898 1948 1022 2028 stabile,
1042 1947 1129 2034 quod
1154 1948 1216 2012 levi
1242 1945 1337 2015 flatus
1363 1975 1441 2017 aura

487 2051 692 2116 concutitur?
722 2049 802 2126 Quis
817 2048 921 2112 virum
942 2049 1057 2113 fortem
1080 2049 1201 2126 credat,
1216 2071 1311 2135 quern
1328 2054 1441 2117 verbo-

487 2175 560 2216 rum
576 2162 681 2215 movet
695 2149 862 2234 impulsus,
876 2163 908 2216 et
926 2150 954 2213 ei
977 2153 1117 2236 quietem
1140 2152 1274 2232 excutit,
1290 2165 1324 2217 et
1338 2155 1439 2218 virtu-

487 2267 556 2318 tum
572 2275 723 2338 compage
739 2250 880 2336 dirupta,
891 2251 992 2336 ipsius
1006 2251 1120 2318 animae
1133 2254 1318 2337 sanguinem
1330 2255 1438 2324 elicit?

489 2354 585 2419 Unde
611 2368 643 2418 et
668 2351 795 2439 publico
815 2352 890 2438 jure
917 2363 1070 2418 statutum
1096 2367 1156 2432 est,
1183 2375 1223 2418 ne
1248 2378 1309 2440 pro
1335 2357 1439 2424 verbis

486 2457 618 2531 frivolis,
633 2455 802 2541 quisquam
819 2453 985 2518 severitate
999 2477 1166 2540 poenarum
1182 2456 1336 2523 inuratur.
1379 2461 1439 2526 Ait

487 2559 570 2622 enim
605 2562 795 2643 Imperator,
825 2556 984 2620 Divorum
1022 2557 1205 2638 Theodosii,
1235 2559 1378 2640 Arcadii,
1407 2575 1439 2625 et

488 2658 624 2724 Honorii
636 2670 757 2723 statuta
767 2657 973 2723 confirmans:
999 2657 1032 2720 Si
1045 2660 1119 2744 quis
1130 2659 1292 2725 modestiae
1304 2661 1440 2742 nescius,

487 2778 519 2830 et
542 2761 675 2849 pudoris
696 2760 837 2846 ignarus,
852 2760 998 2846 improbo
1021 2761 1245 2850 petulantique
1261 2763 1442 2846 maledicto,

486 2866 615 2931 nomina
640 2875 749 2927 nostra
773 2862 943 2929 crediderit
973 2864 1164 2946 lacessenda,
1189 2889 1225 2931 ac
1255 2866 1441 2933 temulentia

487 2966 694 3033 turbulentus
707 2967 901 3031 obtrectator
917 2978 1095 3052 temporum
1116 2968 1226 3046 fuerit,
1241 2992 1314 3033 eum
1337 2994 1442 3057 poenoe

487 3069 635 3133 nolumus
669 3066 844 3155 subjugari,
880 3090 983 3153 neque
1020 3068 1139 3134 durum
1173 3070 1307 3157 aliquid,
1338 3096 1441 3159 neque

487 3186 632 3256 asperum
650 3168 824 3234 sustinere:
855 3169 1006 3256 quoniam
1023 3171 1049 3235 si
1064 3194 1104 3235 ex
1128 3171 1255 3237 levitate
1277 3176 1440 3260 processit,

486 3272 753 3338 contemnendum
768 3284 836 3347 est3
861 3272 886 3336 si
902 3273 943 3336 ab
957 3273 1089 3349 insania,
1107 3274 1305 3339 miseratione
1321 3275 1440 3361 dignis·

487 3374 614 3450 simum,
638 3375 664 3436 si
687 3396 727 3437 ex
748 3374 878 3457 injuria,
901 3374 1139 3441 remittendum.
1184 3375 1281 3439 Unde
1304 3375 1437 3461 integris

487 3474 636 3539 omnibus
660 3476 720 3539 hoc
741 3473 782 3537 ad
805 3487 944 3538 nostram
968 3474 1130 3539 scientiam
1153 3478 1316 3553 referatur,
1340 3488 1377 3542 ut
1400 3497 1440 3541 ex

489 3574 631 3662 personis
648 3573 811 3637 hominum
826 3573 912 3639 dicta
934 3597 1112 3660 pensemuS,
1128 3588 1158 3640 et
1181 3588 1290 3640 utrum
1313 3590 1442 3663 praeter-

488 3679 585 3755 mitti,
611 3699 652 3741 an
681 3678 809 3762 exquiri
838 3675 975 3741 debeant
1001 3700 1195 3743 censeamus.
1240 3681 1295 3744 Ex
1322 3680 1440 3765 quibus

488 3780 661 3865 colligitur,
676 3779 771 3845 dictis
785 3778 950 3843 hominum
974 3801 1036 3843 non
1060 3784 1186 3847 moveri·
1206 3804 1291 3862 eum,
1306 3782 1362 3866 qui
1385 3794 1440 3845 aut

489 3885 619 3947 virtutis
648 3895 771 3947 amator
800 3894 859 3961 est,
884 3894 942 3945 aut
966 3882 1051 3967 juris
1077 3882 1294 3948 constitutioni
1320 3882 1442 3947 obtem·

491 4006 615 4067 perans.

596 4101 682 4151 Omne
694 4099 766 4152 vafer
778 4102 867 4153 vitium
879 4102 980 4155 ridendi
993 4102 1105 4155 Flaccus
1115 4104 1197 4155 amico

536 4242 538 4245 y
594 4184 703 4251 Tangit,
715 4191 742 4236 et
754 4186 881 4239 admissus
893 4190 987 4241 circum
999 4189 1139 4259 praecordia
1151 4188 1223 4239 ludit.

489 4288 658 4355 Familiare
684 4290 841 4374 siquidem
873 4293 1007 4378 sapienti
1039 4306 1097 4372 est,
1125 4308 1161 4357 ut
1192 4314 1309 4379 magno
1338 4293 1442 4380 placet

489 4392 686 4480 Augustino,
702 4392 809 4476 potius
828 4418 847 4457 a
870 4394 1015 4480 quolibet
1039 4394 1243 4481 reprehendi,
1259 4419 1356 4482 quam
1380 4396 1445 4462 sive
