3575 5575
484 761 526 819 st
749 774 884 819 isaurus
900 772 1175 820 ammasmusrs
1312 756 1397 836 [nra.
1411 775 1436 823 r.

488 946 597 989 mensa
611 926 726 1004 aliena,
741 924 973 990 multitudinem
989 927 1101 1005 ritant,
1114 926 1190 991 dom
1205 928 1315 1007 silvas,
1325 930 1437 1005 saluts,

487 1029 641 1110 lacusque
663 1028 870 1105 circumeunt,
883 1028 1001 1111 pannis
1021 1027 1126 1092 induti
1143 1028 1319 1107 vilioribus,
1332 1029 1438 1111 iurga-

489 1130 623 1195 lioribus
635 1130 778 1194 contenti
788 1129 881 1206 cibis,
892 1128 969 1193 dum
981 1141 1144 1193 consortes
1155 1138 1187 1193 et
1196 1130 1341 1201 famulos,
1354 1150 1439 1213 qnos

489 1243 627 1296 macerat
657 1231 853 1316 jejuniorum
883 1231 1002 1304 inedia,
1030 1244 1063 1295 et
1094 1240 1252 1295 tormenta
1281 1232 1438 1297 nuditatis

488 1332 644 1415 affligunt,
654 1352 798 1417 quosque
814 1329 906 1397 labor
918 1331 1146 1396 immoderatus
1156 1332 1312 1412 exhaurit,
1324 1334 1438 1419 volup·

488 1434 561 1497 tatis
586 1442 642 1497 aut
666 1434 774 1516 potius
795 1432 945 1496 vanitatis
966 1432 1105 1515 imagine
1128 1436 1340 1497 consolentur.
1385 1435 1438 1498 Eo

488 1535 625 1618 denique
650 1546 793 1615 tempore
820 1533 958 1617 primum
982 1536 1182 1616 captivantur
1202 1536 1349 1611 Athenis,
1371 1558 1437 1621 quo

485 1634 662 1700 interdictae
672 1633 853 1698 venationis
867 1633 1009 1697 edictum
1020 1646 1214 1701 censuerunt
1224 1658 1294 1701 esse
1309 1639 1436 1702 solven-

488 1736 577 1812 dum,
600 1746 633 1799 et
657 1744 756 1797 artem
784 1731 951 1817 utriusque
976 1735 1154 1799 venationis
1178 1755 1253 1800 cnm
1281 1738 1436 1802 exercitio

489 1836 619 1920 publice
635 1833 876 1899 admittendam.
903 1833 1019 1898 Fertur
1032 1847 1122 1901 rates
1131 1839 1332 1903 Mantuanus
1341 1840 1438 1905 inter·

487 1958 616 2019 rogasse
632 1937 836 2013 Marcellum,
850 1956 949 2020 quum
964 1937 1208 2023 depopulationi
1222 1941 1327 2006 svium
1342 1944 1437 2006 rehe-

488 2039 627 2103 mentius
641 2058 770 2121 opernm
785 2036 883 2116 daret,
898 2059 940 2103 en
955 2060 1043 2104 arem
1058 2043 1169 2105 mallet
1180 2043 1296 2107 instrui
1309 2042 1344 2105 in
1359 2064 1436 2126 eap-

488 2151 589 2206 tursru
615 2140 732 2213 avium,
755 2160 798 2203 an
824 2160 966 2205 muscam
994 2142 1158 2208 informari
1182 2145 1216 2208 iu
1242 2145 1437 2209 extermina·

487 2243 606 2306 tionem
622 2260 810 2304 muscarum.
844 2241 951 2312 Quum
966 2263 1040 2306 vero
1060 2245 1268 2327 questionem
1282 2244 1324 2309 ad
1338 2266 1438 2309 arun·

487 2347 593 2409 culum
608 2342 768 2407 retulisset
782 2344 973 2423 Augustum,
989 2344 1125 2407 coneilio
1140 2345 1210 2429 ejus
1224 2348 1387 2430 praelegit
1400 2357 1438 2410 ut

486 2448 576 2513 fieret
599 2466 719 2523 musca,
743 2465 815 2528 quae
838 2446 879 2508 ab
908 2445 1048 2527 Neapoli
1073 2466 1200 2509 muscas
1225 2447 1380 2528 abigeret,
1402 2459 1436 2511 et

451 2591 456 2601 -
486 2550 645 2613 civitatem
661 2569 679 2610 a
701 2558 790 2631 poste
804 2544 976 2609 insanabili
990 2545 1148 2609 liberaret.
1194 2545 1293 2629 Optio
1308 2546 1436 2630 quidem

484 2651 615 2733 implete
635 2655 702 2725 est3
732 2646 817 2711 unde
840 2647 944 2730 liquet
964 2644 1097 2729 privatre
1117 2642 1275 2730 voluptati
1296 2644 1437 2730 cujusvis

485 2752 712 2837 preferendam
728 2772 799 2816 esse
820 2749 990 2814 multorum
1012 2748 1192 2815 utilitatem.
1236 2750 1278 2813 In
1300 2748 1439 2814 semiviri

436 2859 441 2864 '
484 2856 634 2918 Chironis
658 2865 746 2916 antro
775 2852 816 2933 (si
840 2853 965 2916 Graecis
989 2874 1046 2936 por
1070 2853 1177 2917 omnia
1201 2849 1355 2932 creditur)
1386 2860 1437 2915 est

484 2954 648 3016 institutus
673 2951 816 3015 Achilles
840 2952 917 3032 lyroe
945 2951 1050 3013 modis
1075 2966 1107 3015 et
1136 2953 1276 3030 citharae,
1299 2964 1332 3017 et
1358 2952 1436 3016 inde

485 3054 650 3118 traductus
675 3052 715 3116 ad
744 3052 841 3114 silvas
865 3051 900 3113 in
926 3062 1032 3134 strage
1058 3054 1205 3132 serarum,
1230 3053 1374 3120 oedibus
1403 3065 1436 3120 et

485 3158 567 3221 laedo
581 3157 679 3220 victui
695 3175 896 3232 assuescens,
911 3155 1123 3220 reverentiam
1137 3165 1257 3221 naturae
1272 3158 1434 3222 timorem·

484 3281 547 3346 que
572 3258 683 3322 mortis
708 3255 838 3341 abjecit.
891 3255 978 3330 Quid
1008 3257 1094 3341 quod
1120 3259 1271 3324 Bacchus
1296 3259 1435 3324 eundem

482 3359 596 3424 hebuit
609 3356 812 3422 nutritorem?
836 3358 964 3442 Nempe
979 3358 1033 3440 qui
1045 3358 1096 3422 his
1107 3356 1221 3424 studiis
1231 3370 1287 3424 sut
1298 3357 1434 3422 desidiis

483 3462 643 3538 insistunt,
658 3459 794 3524 semiferi
809 3469 891 3531 sunt,
903 3465 937 3521 et
950 3457 1078 3540 abjecta
1091 3457 1215 3542 potiore
1226 3458 1434 3524 humanitatis

483 3573 585 3650 parte,
612 3562 734 3625 ratione
763 3580 885 3622 morum
914 3558 1071 3642 prodigiis
1099 3559 1347 3625 conformantur.
1404 3560 1434 3622 A

481 3667 610 3731 levitate
625 3661 783 3747 siquidem
799 3661 840 3725 ad
855 3660 1031 3733 lasciviam,
1050 3662 1213 3726 nlasciria
1231 3661 1272 3727 ad
1288 3662 1434 3744 volupta-

481 3781 556 3845 tem,
571 3777 603 3830 et
617 3786 716 3849 quum
731 3763 940 3837 induruerint,
952 3762 994 3826 ad
1008 3763 1131 3846 flagitia
1145 3775 1179 3827 et
1189 3764 1311 3848 quaevis
1321 3761 1435 3824 illicita

481 3869 715 3953 pertrahuntur.
759 3865 952 3941 Quaeruntur
976 3865 1048 3928 ocis
1073 3876 1148 3947 post
1173 3865 1311 3938 labores,
1335 3861 1435 3926 fomes

480 3969 647 4033 hilaritatis
661 3967 777 4048 gratior
791 3977 850 4044 est,
862 3967 889 4029 si
904 3967 985 4030 durs
999 3964 1234 4049 praecesserint,
1248 3960 1436 4025 reficiuntur

482 4070 606 4136 avidius
627 4089 700 4151 quae
715 4062 879 4130 exinanita
892 4067 1010 4131 fuerint
1029 4064 1212 4148 plurimum.
1250 4063 1433 4152 §.leuatum

481 4193 593 4238 omnes
619 4168 724 4233 adhue
753 4169 986 4245 iustitutionem
1015 4163 1162 4244 redolent
1175 4151 1450 4250 “Centaurffrufif

468 4242 857 4266 fflmffiffl..
862 4243 871 4250 ¹¹

479 4278 566 4340 Raro
580 4270 739 4335 invenitur
761 4271 929 4354 quisquam
945 4287 1054 4330 eorum
1071 4263 1234 4327 modestus
1249 4275 1303 4326 aut
1317 4265 1434 4354 gravis,

481 4369 742 4447 fa'r'd'cdirt'iffen's',
755 4375 846 4452 et,''ut
862 4365 970 4446 credo,
983 4365 1107 4430 sobrius
1119 4386 1291 4447 nunquam.
1332 4366 1430 4429 Domi

495 4465 711 4488 Ἁ,”.,,-...
882 4471 886 4476 =
913 4473 919 4478 .
947 4472 1139 4487 n„w„„·-..
1150 4474 1188 4484 ..ss
1203 4472 1209 4480 n
1244 4455 1391 4481 ,μευ-ὑί.
1405 4461 1442 4472 ..n
1477 4453 1497 4466 U
