3575 5575
431 241 865 482 damnoso>
1002 300 1197 519 tta.
1221 400 1437 598 pau.

1299 653 1447 752 ma

327 818 398 864 car.
413 803 526 882 xvnn]
697 821 949 868 roticaamcua.
909 592 1290 867 Q

327 978 484 1046 naturam,
497 968 577 1055 quid
593 968 731 1034 scilicet'
722 990 755 1032 m
771 993 815 1046 se,
827 970 931 1056 quid
925 994 955 1035 m
971 971 1040 1035 aliis
1055 971 1130 1046 sint,
1146 969 1280 1035 liberius

326 1080 358 1131 et
383 1068 510 1134 fidelius
539 1069 783 1156 contemplatur,
810 1071 887 1134 dum
919 1082 1021 1136 terum
1054 1072 1275 1148 substantiam,

325 1170 537 1255 quantitatem
558 1171 598 1236 ad
619 1171 754 1259 aliquid,
769 1172 968 1258 qualitatem,
984 1175 1094 1252 situm,
1115 1197 1192 1249 esse,
1209 1174 1276 1251 ubi,

322 1271 463 1354 quando,
486 1273 614 1349 babere,
635 1273 750 1353 lacere,
772 1273 851 1358 pati,
874 1273 1058 1358 singillatim
1085 1272 1216 1338 discutit
1242 1294 1274 1340 et
1321 1294 1324 1303 ’

322 1369 481 1437 discernit.
537 1375 618 1450 Quae
647 1374 705 1438 etsi
735 1372 918 1458 singillatim
949 1397 1017 1440 esse
1047 1397 1109 1438 non
1139 1379 1271 1461 possint,
1359 1365 1362 1368 ⁴

323 1471 505 1556 singillatim
536 1486 642 1539 tamen
667 1475 850 1559 investigari
876 1489 1014 1561 queant:
1048 1488 1080 1539 et
1106 1476 1147 1539 ad
1175 1476 1274 1540 totius

323 1572 539 1658 Philosophiae
568 1575 803 1660 compendium,
832 1575 999 1639 utilissima
1026 1588 1073 1640 est
1104 1575 1173 1640 baec
1203 1599 1272 1662 spe·

322 1672 451 1754 culatio,
476 1674 508 1739 iu
534 1698 598 1761 qua
626 1673 865 1761 magnitudinis,
889 1689 922 1740 et
948 1675 1173 1756 multitudinis,
1200 1701 1272 1763 quae

323 1775 390 1838 duo
405 1788 508 1840 totum
528 1777 636 1841 orbem
658 1777 913 1862 complectuntur
933 1789 964 1843 et
985 1777 1142 1854 ambiunt,
1157 1795 1273 1843 natura

250 1901 261 1926 ·
320 1877 501 1944 discutitur.
562 1879 729 1963 Numquid
760 1878 946 1944 abstrahens
974 1879 1164 1959 intellectus,
1193 1879 1270 1944 dum

323 1981 392 2046 baec
409 1981 488 2066 agit,
507 1981 631 2045 ociosus
651 1995 707 2056 eat,
728 1994 785 2047 aut
807 1981 939 2060 inutilis,
954 2003 1012 2065 per
1031 2003 1128 2065 quem
1147 1982 1272 2047 animus

323 2083 527 2148 honestarum
551 2087 667 2148 artium
693 2085 855 2168 gradibus,
882 2082 923 2146 ad
950 2082 1101 2147 thronum
1128 2104 1273 2146 consum-

320 2198 415 2251 matae
440 2184 656 2270 Philosophiae
678 2184 887 2248 conscendit?
927 2183 1171 2247 Multitudinem
1194 2206 1271 2267 ergo

321 2305 394 2370 quae
416 2284 558 2371 potentia
577 2285 626 2349 sui
647 2285 680 2347 in
700 2283 858 2350 infinitum
880 2284 1002 2358 crescit,
1022 2287 1104 2348 sicut
1126 2297 1272 2348 econtra

321 2386 510 2473 magnitudo
527 2386 678 2452 decrescit
699 2388 731 2451 in
748 2386 920 2462 inlinitum,
937 2386 1103 2450 bimembri
1118 2385 1272 2448 divisione

321 2489 471 2577 partitur,
492 2489 570 2554 dum
590 2512 659 2552 eam
683 2510 767 2553 nunc
787 2487 972 2575 simpliciter
991 2500 1022 2551 et
1043 2510 1100 2573 per
1121 2509 1165 2565 se,
1188 2508 1272 2550 uunc

322 2590 363 2656 ad
397 2590 486 2655 aliud
524 2591 654 2656 relatam
692 2602 872 2666 contuetur,
907 2589 1037 2654 alteram
1076 2588 1272 2652 demandans

321 2693 550 2772 Arithmeticae,
571 2692 702 2756 alteram
726 2691 860 2755 Musicae
887 2690 981 2775 pleno
1001 2691 1077 2774 jure
1098 2710 1270 2752 reservans.

282 2853 284 2857 .
323 2790 581 2875 Magnitudinem
598 2814 728 2877 quoque
742 2803 826 2854 secat
841 2791 873 2853 in
894 2789 975 2852 duas
995 2791 1125 2873 species,
1140 2787 1271 2852 alteram

320 2891 525 2973 immobilem,
560 2891 727 2979 subjiciens
760 2891 949 2976 geometris3
988 2890 1119 2954 alteram
1155 2888 1273 2953 scilicet

322 2993 483 3073 mobilem,
505 2994 555 3058 his
578 2993 637 3079 qui
663 3005 818 3057 astrorum
850 3003 881 3055 et
908 2989 1085 3056 coelestium
1110 2987 1273 3054 scientiam

322 3096 521 3182 profitentur.
549 3097 599 3162 ¹In
614 3095 750 3160 hisvero
765 3106 906 3179 quatuor
920 3092 1095 3179 speciebus,
1111 3091 1271 3165 mathesis,

322 3198 355 3263 id
381 3211 439 3275 est,
466 3198 649 3263 doctrinalis
675 3210 743 3262 tota
768 3194 921 3272 consistit,
948 3209 981 3259 et
1007 3195 1101 3282 quasi
1131 3207 1271 3279 quatuor

320 3300 535 3388 Philosophiae
564 3300 730 3378 limitibus,
759 3298 930 3363 mundanae
959 3296 1122 3383 sapientia}
1151 3296 1270 3380 perfec·

322 3407 438 3470 tionem
468 3406 656 3489 assequitur.
710 3400 975 3489 &mus-itaque
1003 3399 1123 3485 gradus
1152 3412 1199 3463 est
1229 3398 1271 3464 ab

319 3506 531 3571 Antbmetrca
541 3524 743 3570 numerorum
753 3502 906 3567 virtutem
919 3514 1076 3566 mutuare
1108 3500 1278 3567 Secundus.

317 3605 561 3718 &portionum
576 3604 710 3688 gratiam
725 3626 744 3666 a
765 3602 892 3667 Musica
898 3603 1048 3698 trahere,
1064 3602 1193 3667 Tertius
1212 3602 1269 3665 ob·

321 3709 420 3775 tinere
432 3705 592 3771 scientiam
605 3728 624 3769 a
636 3706 837 3800 Geometrica
850 3686 1080 3768 mensurarum.
1114 3706 1269 3778 Quartus,

318 3811 469 3898 idemque
494 3808 696 3887 novissimus,
721 3828 826 3869 veram
849 3805 1038 3889 positionem
1060 3783 1241 3867 siderum
1220 3825 1269 3865 as·
1294 3848 1298 3852 -

319 3912 475 3998 sequitur,
505 3921 538 3975 et
567 3909 631 3973 vim
662 3905 837 3972 coelestium
867 3917 1098 3991 perscrutatur.
1144 3907 1268 3968 Eorum
1293 3974 1297 3979 ,

319 4036 405 4091 vero,
429 4012 486 4099 qui
508 4010 669 4077 scientiam
692 4007 883 4095 profitentur
905 4018 1074 4084 astrorum,
1095 4004 1148 4069 alii
1166 4006 1269 4091 opini-

321 4117 390 4179 onis
411 4136 516 4177 errore
541 4110 755 4197 prolabuntur
780 4108 821 4172 ad
845 4106 982 4184 fabulas,
1005 4106 1037 4170 in
1063 4129 1129 4192 quo
1153 4105 1266 4191 depre-

320 4214 471 4278 henditur
493 4225 526 4278 et
547 4213 709 4301 Hyginus,
730 4212 785 4276 alii
807 4210 873 4275 sola
891 4207 1124 4294 imaginationis
1145 4208 1266 4273 virtute

321 4315 460 4379 contenti
481 4327 565 4389 sunt,
586 4315 665 4400 quid
687 4336 796 4377 verum
817 4313 857 4377 sit
876 4311 1054 4375 doctiorum
1071 4309 1198 4396 judicio
1216 4332 1266 4371 re·

319 4428 491 4494 servantes,
509 4419 585 4480 satis
605 4428 732 4500 agentes
750 4414 822 4488 sibi,
836 4412 1011 4477 dummodo
1033 4411 1098 4477 veri
1119 4410 1266 4475 similitu-

761 4536 785 4577 ιι
801 4523 820 4578 2
