3575 5575
101 4483 116 4551 si

311 832 380 879 one.
396 819 496 899 xmo]
658 837 911 884 rourumrrcus.
1196 820 1259 880 117

309 984 389 1069 quid
406 988 533 1074 proprie
544 987 673 1068 dicitur,
684 988 837 1053 veraciter
851 987 1019 1052 indimtur.
1057 991 1165 1062 Quum
1180 1009 1258 1072 ergo

308 1087 414 1171 ipsum
439 1087 561 1174 aliquid
585 1090 778 1175 praenovisse
806 1089 968 1166 audimus,
990 1089 1118 1153 minime
1143 1088 1259 1153 intelli-

308 1188 414 1270 gimus
428 1188 518 1256 fluxu
536 1192 687 1277 temporis
705 1193 775 1279 ejus
789 1192 979 1278 praeteriisse
994 1191 1177 1266 scientiam,
1203 1190 1260 1256 sed

310 1287 336 1350 si
356 1292 527 1356 verborum
547 1306 694 1359 naturam
717 1293 891 1380 sequimur,
906 1296 1103 1377 praecessisse
1123 1304 1261 1378 tempas,

311 1413 377 1475 quo
406 1393 561 1457 veraciter
594 1394 755 1471 credatur,
776 1395 857 1481 ejus,
887 1393 976 1479 quod
1010 1394 1156 1457 futurum
1178 1407 1259 1470 erat,

309 1486 457 1554 habuisse
471 1492 627 1557 notitiam.
665 1493 716 1558 Sic
732 1493 844 1579 utique
858 1515 933 1556 eum
946 1493 988 1555 ab
1002 1504 1122 1556 aeterno
1136 1505 1260 1557 eertum

309 1599 357 1651 est
371 1591 479 1654 omnia
497 1591 695 1677 praevidisse,
708 1613 771 1655 non
790 1591 878 1676 quod
901 1590 982 1655 visui
1003 1591 1073 1675 ejus
1088 1604 1177 1655 motu
1202 1612 1262 1655 suo

310 1688 482 1776 quicquam
504 1692 672 1758 subtrahat
693 1705 831 1778 tempus,
851 1691 918 1770 sed,
937 1690 1015 1776 quie
1036 1688 1093 1776 qui
1115 1677 1262 1756 universo

310 1803 453 1876 tempore
468 1806 583 1857 natura
598 1795 684 1879 prior
698 1805 758 1873 est,
772 1817 849 1858 suus
863 1795 970 1856 omnia
984 1814 1106 1877 semper
1121 1814 1264 1878 compre-

311 1889 431 1958 hendat
450 1908 605 1980 aspectus.
651 1896 736 1982 Ejus
754 1917 831 1980 ergo
850 1893 1053 1980 providentia
1073 1892 1107 1956 in
1126 1893 1174 1956 sui
1197 1892 1262 1958 dis·

311 1993 468 2077 positione
481 2017 545 2058 uon
561 1994 694 2075 fallitur,
705 1997 782 2080 quia
796 2017 865 2058 eam
882 2015 1007 2078 semper
1018 1991 1145 2076 sequela
1158 1991 1264 2077 operis

311 2094 491 2160 comitatur.
537 2095 599 2159 Sed
617 2117 674 2160 neo
696 2096 764 2160 falli
786 2107 903 2182 potest,
919 2093 996 2180 quia
1017 2115 1075 2156 neo
1095 2113 1136 2155 ex
1156 2105 1262 2157 muta·

310 2193 436 2259 bilitate
450 2219 567 2273 rerum,
582 2219 639 2262 neo
654 2219 693 2262 ex
706 2195 858 2281 temporis
870 2196 961 2280 fuga,
971 2206 1029 2258 aut
1044 2192 1263 2271 versibilitate,

310 2308 415 2381 potest
430 2297 551 2384 aliquid
563 2298 786 2364 absconditum
797 2321 863 2361 esse
874 2298 915 2361 ab
928 2295 1029 2361 oculis
1039 2296 1120 2381 ejus.
1149 2295 1263 2360 Homi-

311 2397 361 2461 nis
383 2420 458 2462 vero
479 2395 547 2463 falli
570 2413 688 2487 potest,
708 2412 741 2464 et
760 2398 882 2462 fallitur
904 2396 1081 2483 dispositio,
1104 2395 1181 2482 quia
1202 2418 1263 2472 res,

311 2498 403 2583 eujus
414 2500 501 2585 apud
518 2523 550 2564 se
561 2499 780 2585 praefiguravit
796 2498 943 2585 speeiem,
954 2520 1102 2583 processu
1114 2499 1266 2586 temporis

312 2611 369 2664 aut
383 2601 512 2670 omuino
526 2623 589 2664 non
604 2603 722 2679 evenit,
735 2613 792 2666 aut
807 2603 840 2664 iu
855 2599 918 2664 alia
932 2599 1035 2684 speeie
1048 2599 1082 2661 iu
1097 2599 1262 2684 publicum

312 2701 466 2783 prooedit.
518 2703 586 2765 Neo
615 2715 720 2766 tomen
750 2723 962 2786 quaecumque
991 2699 1147 2785 praeteriti
1175 2701 1265 2764 verbi

312 2800 540 2884 significatione
550 2803 757 2879 clauduntur,
768 2804 864 2866 rebus
879 2813 955 2865 sunt
966 2800 1169 2886 aggreganda
1183 2824 1266 2887 prae,

313 2902 424 2967 teritis.
458 2906 526 2967 Nec
541 2904 568 2969 si
583 2927 634 2967 me
648 2905 765 2967 vixisse
780 2903 941 2987 profitear,
956 2900 1088 2967 florente
1102 2902 1266 2989 Peripate·

313 3002 378 3069 tioo
392 3005 548 3087 Palatino,
559 3005 631 3070 ideo
642 3004 719 3069 mihi
734 3005 831 3069 vitam
843 3003 992 3089 elapsam,
1003 3016 1058 3069 aut
1070 3006 1267 3089 praeteritam

312 3128 379 3170 esse
399 3106 558 3173 oonliteor.
604 3110 675 3171 Aut
698 3106 723 3171 ei
745 3107 787 3171 ab
809 3104 967 3184 Arrianis,
987 3107 1136 3191 Eugeuio
1158 3105 1267 3191 praesi-

313 3207 637 3289 dente,dissensi,non
646 3210 689 3274 ob
698 3207 853 3294 praeteriti
862 3210 1014 3294 temporis
1021 3206 1157 3292 gretiam
1166 3207 1265 3272 alidei

313 3319 345 3373 et
370 3310 573 3375 confessionis
598 3309 687 3375 illius
710 3309 891 3395 integritate
914 3309 1041 3374 diverti.
1090 3306 1265 3387 Caeterum,

313 3414 390 3495 quia
413 3413 606 3497 quandoque
629 3434 740 3477 verum
765 3412 829 3476 fuit
851 3412 967 3491 dicere,
989 3414 1088 3477 Nune
1111 3412 1197 3489 vivo,
1220 3412 1266 3475 sie

313 3511 425 3584 sentio,
447 3510 608 3595 eleganter
627 3522 659 3575 et
679 3534 753 3576 vere
772 3511 875 3575 fateor
895 3511 929 3573 in
950 3510 1168 3596 sequentibus,
1188 3512 1267 3597 quia

313 3622 392 3677 tuno
406 3611 484 3691 vixi,
498 3625 531 3676 et
546 3614 590 3677 sio
606 3613 701 3690 sensi,
711 3635 769 3677 nec
783 3625 887 3680 temen
904 3610 1002 3677 vitam
1015 3613 1201 3698 proeteriisse
1215 3612 1267 3675 vel

315 3732 454 3779 sensum.
501 3710 574 3777 Seio
591 3724 696 3776 tamen
720 3712 794 3797 quis
808 3712 937 3788 dixerit,
953 3713 1029 3797 quia
1049 3715 1084 3777 in
1101 3713 1161 3776 hoo
1182 3734 1267 3775 erra-

315 3837 399 3891 mus,
424 3814 512 3901 quod
538 3825 672 3878 mortem
699 3834 762 3876 non
788 3812 1010 3897 prospicimus.
1046 3816 1168 3897 Magna
1192 3835 1267 3898 pars

314 3916 385 4002 ejus
402 3918 470 4002 jam
492 3915 656 4001 praeteriit.
694 3911 858 3999 Quicquid
879 3914 986 3978 aetatis
1004 3925 1092 3979 retro
1105 3928 1164 3988 est,
1180 3937 1267 3980 mors

316 4029 414 4082 tenet.
457 4018 520 4084 Sed
543 4029 629 4081 certe
646 4016 673 4079 si
688 4015 717 4079 ei
740 4014 834 4079 semel
856 4012 968 4078 fuisset
991 4013 1058 4077 'vita
1078 4014 1195 4099 elapsu,
1209 4035 1267 4082 aut

318 4115 377 4181 hoc
396 4119 524 4183 omnino
539 4140 602 4183 non
622 4116 752 4193 diceret,
768 4127 825 4181 aut
846 4114 966 4179 diceret
983 4115 1153 4181 redivivus.
1192 4123 1268 4184 Non

314 4232 367 4283 est
382 4242 458 4305 ergo
479 4242 603 4284 neeesse
622 4219 811 4304 praeteriisse
833 4216 991 4303 quicquid
1012 4218 1169 4302 praeteriti
1186 4234 1266 4284 tem·

318 4320 406 4405 poris
414 4320 610 4406 significetur
623 4323 730 4397 verbo,
739 4333 772 4384 et
781 4320 853 4383 licet
864 4319 1079 4405 praedestinati
1090 4319 1153 4384 sint
1164 4324 1266 4403 multi,

317 4442 379 4488 uon
391 4418 465 4483 ideo
480 4420 554 4503 quia
569 4419 660 4483 electi
675 4432 758 4495 sunt,
774 4419 929 4504 praeteriit
943 4419 1190 4503 praedestinatio.
1222 4424 1269 4493 Et
