3575 5575
1033 315 1352 514 ’πάνιϋῑιμψ

326 812 398 856 cae.
414 793 482 873 111.]
699 808 951 855 rotrcaerroua
1218 795 1280 855 26⁷

327 974 433 1026 tamen
462 982 579 1046 magna
607 958 755 1023 maximis
787 958 930 1023 conferre
959 957 1066 1034 liceat)
1105 957 1137 1024 in
1171 958 1282 1024 multis

326 1061 547 1146 multipliciter
560 1061 657 1124 lucet.
693 1058 993 1158 ,sejmmtqmdem
1015 1059 1174 1142 radius,si
1198 1061 1281 1128 forte

325 1162 445 1228 incidat
470 1163 505 1230 in
534 1161 777 1235 carbunculum,
805 1160 971 1248 egrediens
997 1172 1053 1230 aut
1078 1162 1282 1228 reverberans

327 1264 456 1342 rutilus,
472 1264 612 1331 vicinum
627 1263 704 1329 facit
723 1285 828 1328 aerem
851 1262 993 1330 rutilare.
1039 1262 1130 1328 Idem
1146 1262 1228 1349 ignis
1249 1263 1283 1330 in

301 1366 495 1473 Qu
522 1364 661 1443 virescit,
686 1363 886 1430 firmamento
912 1363 1036 1450 puriori
1061 1365 1095 1428 in
1118 1364 1283 1460 mpphyro

281 1474 286 1482 ’
327 1467 554 1532 conformatur.
601 1464 779 1560 Hngtlu
806 1487 936 1551 quoque
959 1464 1124 1551 speciebus
1145 1457 1307 1532 efficitui'

327 1567 482 1634 concolor.
521 1568 562 1632 Iu
579 1566 716 1652 topazio,
729 1565 785 1651 qui
802 1588 867 1651 quo
882 1565 983 1630 rarior
997 1578 1046 1632 est
1061 1588 1098 1630 eo
1112 1565 1283 1651 preciosior

329 1682 388 1746 est,
403 1667 544 1733 omnium
575 1690 628 1731 ere
642 1688 747 1732 coore
761 1666 917 1751 superbit,
955 1665 987 1732 Si
1003 1667 1282 1753 einjicias,

324 1768 601 1851 Jhaummtiadis
614 1767 858 1853 repraesentabit
872 1767 1053 1852 imaginem.
1089 1770 1282 1859 qu·

317 1871 617 1969 fflluwssdsst
639 1874 672 1936 iu
680 1871 851 1950 ..lacunari
863 1869 918 1942 sed
940 1882 972 1942 el
994 1871 1280 1955 igneneoelestem

327 1973 359 2037 in
385 1975 551 2060 supposita
576 1971 694 2060 trajicit
719 1994 777 2058 per
803 1970 960 2036 berillum.
1006 1971 1104 2038 Vides
1124 1973 1224 2058 igitur
1249 1976 1281 2040 in

330 2073 440 2139 multis
454 2097 550 2160 quam
568 2075 669 2140 multa
684 2074 726 2138 sit
748 2073 832 2157 ignis
852 2085 976 2138 natura.
1022 2074 1075 2140 Sic
1096 2075 1129 2140 iu
1151 2075 1221 2140 aliis
1235 2088 1283 2142 est

330 2175 513 2260 prudentia,
526 2173 686 2242 fortitudo
708 2173 741 2236 in
762 2173 844 2251 aliis,
863 2177 1074 2260 temperantia
1094 2177 1128 2239 in
1150 2175 1283 2261 quibus-

330 2275 416 2354 dam,
452 2277 486 2340 in
522 2275 716 2362 quibusdam
748 2273 887 2361 justitia,
925 2273 958 2338 in
993 2276 1155 2342 nonnullis
1191 2276 1281 2355 fides,

328 2377 552 2462 longanimitas
566 2377 633 2462 spei
648 2377 680 2442 iu
695 2376 778 2440 aliis.
817 2376 857 2441 ln
872 2375 922 2440 his
936 2387 984 2442 est
998 2376 1106 2441 servor
1119 2376 1281 2444 caritatis:

328 2479 381 2544 hie
402 2479 557 2564 patientia
576 2478 734 2556 laborum,
747 2476 813 2542 illic
834 2475 982 2542 dolorum
1006 2476 1188 2556 consolatio,
1204 2478 1283 2546 alibi

329 2579 563 2664 perseverantia
578 2578 735 2642 bonorum
757 2597 909 2662 operum:
940 2598 1015 2661 quae
1030 2590 1135 2644 tamen
1158 2577 1284 2664 singula

329 2681 364 2744 in
387 2679 522 2765 singulis
545 2695 593 2744 est
617 2699 703 2742 unus
725 2689 758 2742 et
778 2676 864 2740 idem
891 2679 990 2742 Deus.
1034 2681 1078 2743 At
1104 2678 1136 2742 in
1158 2680 1282 2758 futuro,

330 2782 462 2868 quando
482 2779 667 2847 immediata
682 2779 764 2845 facie
786 2801 844 2864 per
865 2778 1002 2862 gratiam
1017 2779 1088 2865 ejus
1102 2779 1283 2849 videbimus

331 2906 405 2947 eum
420 2882 515 2948 sicuti
539 2894 599 2959 est,
614 2879 721 2945 omnia
744 2881 776 2944 in
799 2878 949 2944 omuibus
963 2880 1034 2962 erit,
1047 2881 1178 2967 quando
1200 2881 1282 2948 nulli

331 2984 372 3049 ad
396 2981 629 3061 beatitudinem
652 2981 788 3066 alicujus
811 2981 940 3047 virtutis
965 2981 1143 3047 substantia
1166 2982 1282 3059 deerit,

332 3108 432 3170 quum
444 3086 514 3170 ipse
524 3084 556 3149 in
568 3083 716 3149 omnibus
726 3083 856 3151 futurus
865 3085 908 3149 sit
920 3083 1089 3171 plenitudo
1098 3086 1282 3165 virtutis,et

332 3184 481 3249 cumulus
497 3183 725 3258 beatitudiuis;
756 3182 836 3247 adeo
858 3182 1002 3269 quidem,
1018 3196 1056 3251 ut
1074 3185 1172 3269 juxta
1185 3185 1284 3253 tredi-

332 3285 450 3350 tionem
483 3298 626 3369 patrum‚
656 3294 746 3349 tanta
781 3282 956 3368 majestatis
984 3304 1052 3350 suae
1085 3283 1283 3371 plenitudine

330 3385 478 3451 videatur
490 3385 601 3449 adesse
615 3382 734 3461 electis,
745 3395 781 3447 ut
793 3381 872 3447 nihil
888 3381 934 3448 eis
948 3382 1030 3449 desit
1045 3382 1077 3447 in
1090 3383 1155 3449 ulla
1168 3385 1284 3475 gratia,

332 3498 363 3552 et
387 3486 454 3570 ipse
477 3488 543 3549 fere
568 3484 654 3549 solus
678 3483 827 3549 videatur
850 3483 882 3548 in
907 3482 980 3565 illis,
995 3497 1027 3550 et
1050 3484 1134 3551 illius
1157 3490 1283 3555 nomine

332 3597 531 3661 censeantur,
555 3585 642 3649 salva
669 3588 802 3649 veritate
826 3584 1026 3663 substantie,
1048 3597 1080 3653 et
1106 3586 1172 3651 sine
1196 3587 1283 3653 omni

335 3685 549 3753 versabilitate
565 3697 698 3750 naturae.
742 3685 830 3749 Hinc
845 3684 929 3749 forte
948 3698 995 3751 est
1017 3685 1117 3751 illud:
1148 3687 1284 3753 Exulta-

334 3789 416 3853 bunt
438 3786 538 3851 sancti
559 3785 592 3848 in
616 3784 729 3871 glorie,
745 3785 943 3850 laetabuntur
967 3787 1000 3851 in
1024 3786 1183 3853 cubilibus
1207 3788 1284 3865 suis,

333 3912 436 3978 quum
448 3888 509 3954 sibi
519 3900 596 3953 tunc
608 3883 718 3973 pervia
728 3884 900 3951 credantur
908 3908 976 3951 esse
984 3888 1282 3969 cordasanctorum‚

333 4005 366 4061 et
385 3988 607 4077 unusquisque
623 4011 686 4053 nou
702 3986 797 4052 modo
818 3985 852 4053 in
873 4010 943 4067 sua,
960 3986 1015 4051 sed
1036 4000 1069 4055 et
1089 3988 1121 4055 in
1140 3989 1283 4059 omniurn

334 4093 525 4159 conscientia
547 4090 712 4177 glorietur.
758 4087 849 4156 Sicut
871 4092 955 4155 enim
979 4089 1072 4177 ignis,
1087 4102 1124 4156 ut
1148 4090 1180 4155 in
1203 4115 1285 4179 prae.

336 4194 423 4259 dicta
444 4216 603 4261 moremur
627 4191 842 4272 similitudine,
858 4190 934 4257 ferri
958 4205 1102 4261 naturum
1127 4207 1283 4279 penetrat,

337 4309 370 4361 et
384 4296 538 4376 amendit,
554 4308 589 4359 ut
605 4295 685 4359 nihil
700 4307 847 4360 cernatur
861 4294 894 4357 in
910 4316 947 4359 eo
962 4294 1023 4359 nisi
1037 4295 1132 4379 ignis,
1147 4308 1178 4359 et
1203 4294 1283 4361 sicut

337 4396 446 4461 solaris
461 4396 569 4463 radius
583 4397 747 4463 illustrans
760 4419 876 4476 aerem,
891 4395 965 4461 solis
981 4395 1031 4460 vel
1045 4396 1124 4462 rodii
1141 4408 1285 4464 censetur
