3575 5575
501 770 542 829 tn
768 780 905 827 Jonnms
919 776 1198 825 saansunnlansrs
1331 761 1414 841 [ma.
1431 782 1455 827 r.

500 931 716 1021 egrederetur,
732 943 904 1017 antequam
923 927 1072 995 inchoata
1093 930 1209 995 liniret.
1255 928 1324 994 Nee
1343 954 1456 1017 quem-

499 1056 593 1121 quam
610 1034 719 1121 egredi
735 1056 773 1099 eo
787 1044 936 1098 cantante
948 1031 1072 1097 licitum
1085 1044 1164 1097 erat.
1195 1032 1293 1097 Unde
1308 1033 1455 1121 plerique

500 1137 605 1203 affecti
632 1136 728 1203 toedio
754 1132 918 1208 audiendi,
945 1132 1092 1200 simulato
1121 1134 1234 1199 funere
1262 1134 1338 1200 elati
1368 1149 1454 1203 sunt.

500 1238 623 1305 Milites
650 1258 792 1324 quoque,
819 1234 877 1301 nisi
908 1235 971 1299 alio
999 1236 1095 1300 verba
1123 1235 1364 1322 pronunciante,
1390 1258 1455 1301 non

500 1338 702 1425 appellabam
729 1360 787 1403 nec
802 1336 918 1423 agebat
937 1334 1111 1422 quicquam
1127 1336 1221 1413 serio,
1234 1338 1361 1423 jocove,
1375 1336 1455 1423 quin

500 1439 679 1525 phonascus
707 1438 859 1519 adstaret,
885 1437 944 1524 qui
972 1460 1046 1503 eum
1077 1441 1144 1504 suis
1171 1439 1298 1505 arteriis
1326 1462 1456 1526 parcere

500 1540 691 1609 hortaretur.
740 1542 1034 1605 Instrumentorum
1066 1560 1195 1626 qunque
1224 1540 1456 1607 curiosissimus

499 1654 578 1719 erat,
590 1656 625 1707 ut
642 1662 751 1707 eorum
764 1640 911 1727 peritiam
923 1640 996 1705 aliis
1005 1641 1176 1723 invideret,
1185 1642 1266 1708 adeo
1278 1656 1313 1708 ut
1325 1642 1457 1731 publico

500 1744 679 1811 testimonio
694 1766 727 1809 se
742 1742 966 1831 cytharoedum
983 1743 1158 1833 principem
1176 1742 1332 1829 gauderet
1346 1743 1456 1831 appel·

500 1843 569 1911 lari.
599 1843 697 1923 Unde
712 1843 811 1913 illud:

746 1960 1120 2035 Cytbaroedoprineipsnatus

607 2046 722 2106 Nobilis.
752 2044 821 2103 Hac
831 2046 901 2101 ultra
911 2047 986 2101 nobis
997 2048 1060 2119 quid
1072 2050 1123 2102 erit
1132 2049 1184 2102 nisi
1194 2047 1291 2103 ludus?

504 2151 543 2215 In
571 2162 661 2217 tanta
684 2170 817 2239 qunque
842 2151 925 2215 mole
950 2151 1075 2239 imperii
1098 2172 1224 2217 omnem
1249 2173 1382 2239 pernam
1407 2163 1456 2217 est

502 2251 705 2339 gravitatem.
728 2252 965 2339 Philosophiam
976 2276 1170 2341 persequens
1181 2255 1272 2341 quasi
1283 2254 1457 2341 majestatis

502 2352 626 2441 imperii
641 2354 811 2433 inimicam,
827 2367 859 2421 et
874 2355 1030 2422 nobiliora
1043 2357 1173 2443 ingenia
1187 2359 1322 2438 veritus,
1335 2378 1368 2420 se
1381 2376 1455 2419 con·

503 2454 580 2523 siliis
604 2457 748 2525 subdidit
772 2456 975 2534 histrionum,
994 2482 1133 2545 quorum
1153 2459 1222 2546 ipse
1242 2481 1305 2523 non
1325 2457 1456 2522 erubuit

503 2558 735 2649 turpitudinem
752 2582 909 2627 exercere.
941 2559 1027 2625 Hinc
1040 2560 1123 2627 illud

607 2676 685 2741 Quod
696 2694 748 2731 non
760 2678 825 2731 dant
835 2695 963 2750 proceres,
975 2677 1049 2732 dabit
1058 2679 1160 2733 histrio.

503 2779 609 2858 Quum
627 2801 702 2844 vero
724 2794 804 2846 esset
829 2778 972 2846 omnium
988 2780 1203 2859 avarissimus,
1218 2778 1298 2846 aden
1320 2792 1356 2846 ut
1377 2778 1457 2845 nulli

502 2882 718 2966 quodcunque
740 2882 879 2948 officium
902 2883 1076 2969 delegaret,
1096 2884 1176 2970 quin
1198 2895 1458 2970 prosequeretur,

502 2981 597 3046 Nosti
619 2981 699 3068 quid
718 2983 794 3048 mihi
817 3007 900 3072 opus
915 2986 975 3058 sit;
1003 2997 1060 3050 aut
1082 2985 1164 3050 illud
1188 2985 1370 3071 subjiceret,
1391 2983 1458 3059 Qui

503 3081 651 3147 omnibus
665 3099 793 3169 praeest,
805 3086 952 3150 omnibus
966 3083 1107 3168 indiget:
1130 3095 1236 3148 tamen
1250 3084 1460 3149 histrionibus

503 3192 535 3245 et
551 3179 655 3246 mimis
676 3185 827 3270 pecunias
847 3186 988 3250 infinitas
1008 3207 1140 3270 erogare
1162 3207 1226 3249 non
1245 3184 1460 3267 gravabatur;

504 3281 656 3368 singulos,
671 3299 766 3371 prout
781 3287 921 3375 quisque
940 3287 1117 3375 placuerat,
1132 3287 1334 3374 amplissimae
1354 3286 1460 3371 digni·

504 3383 579 3448 tatis
589 3385 714 3450 nomine
730 3388 936 3469 subornabat,
946 3387 1026 3452 alios
1036 3388 1199 3474 patricios,
1210 3388 1289 3452 alios
1300 3399 1460 3452 senatores

504 3483 621 3550 dicens.
674 3487 747 3553 Hos
774 3486 946 3554 illustrium
984 3488 1247 3574 spectabiliumve
1275 3489 1460 3555 nominibus

503 3584 697 3653 illustrabat.

533 3817 614 3904 Cap.
632 3823 662 3884 8.
684 3820 738 3884 Dc
752 3819 990 3897 Histrienibus,
1005 3829 1037 3887 et
1051 3822 1179 3901 Mimb,
1194 3829 1226 3887 ct
1245 3821 1434 3902 Prcslipr'u-

914 3925 1044 3988 taribus.

547 4071 630 4134 Eure
656 4093 731 4136 rere
751 4071 858 4138 adhuc
879 4073 981 4158 aliqui
1004 4095 1064 4159 pro
1085 4085 1175 4156 parte
1197 4070 1377 4144 imitantur,
1399 4067 1459 4132 etsi

503 4170 650 4237 freditate
668 4172 754 4240 rllius
776 4196 870 4240 nemo
883 4174 1037 4259 dignetur
1058 4172 1191 4250 involvi,
1206 4193 1309 4257 quum
1323 4169 1459 4256 gratiam

504 4297 592 4340 suam
614 4274 824 4342 histrionibus
844 4285 877 4340 et
902 4278 1006 4340 mimis
1028 4274 1122 4340 multi
1144 4273 1353 4361 prostituant,
1374 4286 1407 4337 et
1425 4274 1460 4337 in

502 4377 684 4443 exhibenda
694 4378 815 4444 malitia
829 4399 940 4442 eorum
955 4399 1039 4441 eseea
1049 4377 1188 4464 quadam
1204 4389 1236 4441 et
1248 4374 1459 4441 contemtibili
