3575 5575
491 811 551 870 172
744 821 882 867 romnis
898 821 1178 867 sanusnamunsm
1289 803 1370 882 [uu.
1387 823 1440 868 111.

490 997 593 1060 quum
608 994 705 1059 agaso
724 995 787 1036 nou
807 975 925 1050 tressis,
944 971 1109 1039 titulorum
1125 972 1264 1037 fascibus
1283 995 1442 1059 purpura·

492 1090 558 1155 tur,
573 1090 604 1140 et
620 1097 682 1138 uon
698 1075 765 1139 sine
780 1098 877 1140 sanna
891 1089 924 1140 et
938 1075 1092 1140 cachinno
1107 1075 1320 1152 audientium,
1336 1079 1442 1139 Dama

492 1178 604 1244 transit
618 1178 652 1242 in
667 1181 826 1244 Marcum.
870 1179 1010 1243 Morcus
1023 1181 1133 1243 dicit:

823 1302 918 1373 Papaet
937 1301 1028 1354 Marco
1039 1303 1182 1374 spondente
1193 1319 1297 1355 recrrsas

598 1389 713 1443 Credere
724 1393 753 1442 tu
763 1389 904 1441 nummos?
935 1388 1026 1441 Marco
1037 1389 1182 1461 subjudice
1193 1389 1294 1460 palles?

599 1477 643 1532 lta
655 1481 705 1541 est,
717 1476 827 1543 adsigna
840 1474 931 1527 Marce
942 1474 1063 1527 tabellas.

493 1593 555 1656 Est
570 1591 700 1678 quidem
715 1588 857 1655 omnium
871 1588 1030 1674 captanda
1043 1586 1268 1668 benivolentia,
1284 1611 1358 1674 quae
1372 1587 1444 1652 fons

494 1709 542 1760 est
556 1693 715 1769 amicitiae,
731 1706 762 1757 et
784 1691 908 1779 primus
928 1689 1069 1756 caritatis
1088 1713 1276 1777 progressus
1295 1703 1362 1764 est;
1387 1691 1442 1754 sed

494 1797 659 1860 honestate
683 1793 846 1869 incolumi,
871 1791 1045 1856 officiorum
1072 1792 1199 1873 studiis,
1225 1791 1354 1857 virtutis
1380 1791 1442 1867 via,

494 1896 719 1984 obsequiorum
740 1896 860 1972 fructu,
884 1896 1070 1981 integritate
1092 1895 1253 1959 sermonis.
1297 1893 1391 1959 Adsit
1413 1906 1445 1957 et

496 2000 587 2076 fides,
613 1999 773 2063 dictorum
802 1998 920 2063 scilicet
944 1998 1168 2085 factorumque
1197 1998 1382 2074 constantia,
1413 2010 1445 2062 et

496 2100 622 2176 veritas,
638 2122 713 2186 quae
732 2099 908 2164 officiorum
928 2112 959 2164 et
979 2100 1133 2190 bonorum
1154 2099 1296 2164 omnium
1311 2112 1360 2164 est
1375 2098 1446 2164 fun-

497 2204 692 2269 damentum.
737 2201 883 2268 Gratiam
905 2203 1073 2280 bonorum,
1101 2203 1155 2268 sed
1181 2216 1214 2267 et
1243 2201 1396 2281 omnium,
1422 2200 1448 2264 si

498 2306 565 2370 fieri
581 2319 699 2391 posset,
713 2306 815 2370 virtus
828 2308 962 2392 appetit,
974 2305 1028 2370 sed
1044 2306 1084 2370 ad
1100 2329 1167 2369 eam
1184 2305 1376 2392 dedignatur
1391 2326 1447 2389 per

498 2410 607 2473 sordes
621 2410 779 2475 accedere.
824 2407 950 2472 Nobilis
969 2407 1082 2493 utique
1103 2431 1153 2472 res
1175 2420 1233 2486 est,
1250 2420 1281 2472 et
1299 2406 1447 2483 delicata,

498 2524 531 2577 et
560 2534 634 2597 quae
662 2533 767 2590 omne,
798 2509 884 2597 quod
916 2509 1060 2585 dedecet,
1091 2524 1288 2597 aspernatur.
1334 2510 1446 2573 Omnis
1522 2596 1526 2603 Ι

499 2613 593 2679 otiam
617 2612 745 2699 species,
769 2635 842 2698 quae
864 2636 903 2676 ex
927 2612 1029 2697 seipsa
1050 2635 1112 2676 non
1135 2613 1229 2695 lucct,
1250 2612 1278 2677 ei
1302 2624 1448 2698 suspecta

498 2727 556 2779 est.
602 2712 771 2801 Numquid
793 2712 894 2798 igitur
917 2712 1080 2793 mentitur,
1103 2729 1139 2780 ut
1162 2714 1307 2802 placeat?
1346 2717 1448 2778 Num-

500 2813 578 2904 quid
592 2814 712 2881 bonum
734 2816 811 2881 dicit
833 2817 963 2893 malum,
980 2829 1011 2881 et
1027 2816 1145 2881 malum
1165 2818 1309 2882 bonum?
1347 2820 1449 2882 Num-

500 2917 577 3003 quid
588 2918 736 2995 amicum,
746 2918 802 3004 qui
814 2941 927 3003 parum
940 2941 1036 2983 sanus
1046 2930 1105 2996 est,
1114 2918 1257 3003 instigat,
1267 2932 1302 2984 ut
1312 2918 1450 3005 amplius

499 3020 595 3084 faciat
604 3020 760 3084 insanire?
774 3022 874 3084 Porro
883 3044 984 3107 quum
994 3022 1096 3087 omnis
1104 3022 1274 3087 assentatio
1285 3022 1389 3109 turpis
1398 3020 1449 3100 sit,

500 3120 705 3207 perniciosior
713 3132 760 3185 est
770 3144 871 3207 quum
881 3122 921 3186 ad
933 3124 1171 3188 subornandum
1180 3122 1290 3187 vitium
1298 3144 1451 3209 personae,

488 3223 552 3287 ·vel
567 3237 701 3304 naturae,
716 3224 767 3287 vel
781 3223 948 3310 diguitatis
962 3225 1082 3290 accedit
1097 3225 1281 3290 auctoritas.
1326 3226 1450 3311 Nempe

500 3323 682 3411 philosophi
697 3325 862 3410 probabile
877 3324 1000 3404 dicunt,
1016 3326 1103 3413 quod
1120 3326 1266 3391 videatur
1280 3324 1331 3389 vel
1351 3324 1452 3389 omni·

502 3424 575 3502 bus,
598 3429 651 3489 vel
677 3426 835 3510 pluribus,
858 3440 915 3491 aut
941 3427 1197 3515 sapientioribus,
1223 3439 1279 3492 aut
1305 3426 1393 3514 quod
1418 3429 1451 3491 in

491 3521 631 3608 propria
645 3520 797 3586 facultate
808 3522 933 3588 artifici.
966 3525 997 3588 Si
1010 3548 1087 3611 ergo
1098 3524 1283 3611 sapientiam
1295 3526 1452 3611 cujusque

488 3624 598 3688 ,Plato
618 3623 828 3702 commendet,
849 3641 906 3690 aut
930 3628 1083 3703 Socrates,
1106 3628 1297 3691 Aristoteles
1318 3648 1451 3691 acumen

501 3725 631 3812 ingenii,
642 3726 754 3790 Cicero
769 3726 895 3792 dicendi
910 3728 1045 3815 copiam,
1057 3729 1294 3793 Mathematicae
1309 3728 1452 3791 studium

487 3828 716 3913 Pythagoras,
730 3840 905 3892 metrorum
922 3828 1088 3896 varietates
1109 3828 1254 3907 Flaccus,
1270 3830 1355 3891 Naso
1375 3822 1451 3888 levi-

503 3940 600 3991 tatem
627 3930 849 4005 vcrsilicandi3
880 3929 994 4016 quidni
1024 3931 1155 3996 credat?
1194 3931 1339 3995 Subeunt
1368 3926 1451 3991 enim

503 4027 598 4093 citius
611 4042 642 4094 et
657 4030 774 4109 fortius
789 4032 932 4117 singulos
947 4034 1087 4099 fomenta
1102 4032 1265 4107 vitiorum,

996 4152 1097 4219 magnis

680 4232 768 4295 Quum
781 4235 893 4288 subeunt
904 4239 1004 4290 animos
1016 4236 1169 4290 auctoribus.

507 4338 570 4401 His
592 4348 696 4400 tamcn
720 4335 768 4400 sui
790 4362 920 4424 compos
945 4340 1068 4407 animus
1090 4363 1151 4405 non
1175 4338 1349 4415 seducitur,
1372 4352 1455 4403 certe

506 4439 581 4525 quia
595 4461 687 4504 nemo
701 4440 802 4521 novit,
818 4442 897 4527 quid
916 4444 956 4509 sit
973 4446 1004 4508 in
1022 4444 1157 4521 bomine,
1175 4456 1292 4531 praetcr
1307 4442 1453 4529 spiritum
