3575 5575
484 826 546 884 230
743 835 879 880 Josnurs
896 832 1174 879 saunsannrnusm
1291 817 1374 892 [nra.
1393 833 1437 878 rv.

481 988 647 1075 populum.
693 988 858 1072 Frequens
873 985 956 1048 enim
972 997 1031 1059 est,
1043 996 1079 1048 ut
1096 982 1217 1049 subditi
1234 983 1435 1068 superiorum

483 1091 562 1156 vitia
576 1091 752 1170 imitentur,
767 1089 846 1175 quia
865 1086 1067 1173 magistratui
1090 1083 1231 1171 populus
1246 1085 1355 1150 studet
1371 1107 1438 1150 esse

486 1191 665 1267 conformis,
691 1202 723 1254 et
751 1189 972 1275 unusquisque
997 1187 1134 1251 libenter
1159 1185 1292 1271 appetit,
1315 1185 1346 1249 in
1373 1207 1440 1270 quo

485 1290 581 1354 alium
597 1291 697 1354 cernit
711 1289 876 1354 illustrem.
916 1287 1048 1352 Celebre
1063 1298 1110 1351 est
1126 1285 1207 1350 illud
1220 1285 1440 1350 versificatoris

487 1392 619 1476 egregii,
628 1413 756 1456 sensum
769 1401 801 1454 et
813 1389 910 1453 verba
925 1387 1032 1472 magni
1047 1387 1207 1451 Theodosi
1223 1386 1440 1473 exprimentis,

594 1507 627 1558 In
639 1523 774 1558 commune
780 1505 859 1578 jubes
870 1505 893 1556 si
906 1503 976 1573 quiri,
989 1519 1111 1556 censesve
1123 1503 1274 1568 tenendum,

594 1592 698 1644 Primus
705 1592 781 1663 jussa
792 1590 866 1643 subi:
885 1595 946 1642 tunc
958 1590 1134 1642 observantior
1146 1591 1215 1660 aeqni

591 1680 637 1732 Fit
648 1678 767 1750 populus,
778 1695 828 1729 uec
838 1675 905 1729 ferre
915 1681 1005 1744 negat,
1018 1693 1097 1745 quum
1109 1677 1204 1729 viderit
1215 1677 1301 1748 ipsum

595 1765 735 1816 Auctorem
746 1780 837 1834 parere
848 1762 908 1814 sibi.
945 1762 1114 1833 Componitur
1127 1763 1197 1814 orbis

594 1851 677 1918 Regis
689 1851 723 1902 ad
735 1849 891 1920 exemplum,
903 1866 951 1901 nec
962 1849 999 1900 sic
1010 1845 1144 1901 inflectere
1155 1865 1249 1901 sensus

597 1937 735 1988 Humanas
748 1935 834 1987 edicta
845 1934 942 1998 valent,
954 1951 1031 2003 quam
1042 1935 1097 1986 rita
1109 1935 1233 2002 regentis.

597 2021 698 2074 Mobile
710 2025 825 2072 mutatur
836 2037 938 2090 semper
947 2037 1005 2072 oum
1016 2020 1131 2090 principe
1141 2019 1243 2088 vrrlgns.

493 2127 609 2189 Verum
640 2123 839 2209 singulorum
869 2123 1037 2188 facultates
1066 2146 1268 2211 nequaquam
1298 2127 1439 2188 omnium

490 2227 590 2312 copiis
605 2225 827 2311 adaequantur.
851 2228 903 2290 De
915 2224 1027 2289 loculis
1038 2227 1176 2311 propriis
1187 2224 1323 2313 quilibet
1335 2227 1443 2306 sumit,

491 2339 524 2394 at
535 2340 677 2413 potestas
691 2328 732 2392 de
744 2349 817 2391 arca
830 2325 963 2413 publica
974 2325 1024 2390 vel
1037 2326 1163 2392 cimelio
1178 2327 1304 2392 haurit:
1329 2349 1403 2413 quae
1418 2327 1444 2390 si

489 2431 571 2494 forte
591 2429 753 2505 deiecerit,
775 2428 815 2492 ad
840 2427 1038 2514 singulorum
1062 2429 1235 2494 recurritur
1262 2430 1442 2495 facultates.

490 2533 596 2619 Atqui
618 2535 777 2618 privatum
802 2553 963 2617 quemque
986 2531 1051 2595 suis
1072 2554 1196 2596 necesse
1219 2546 1266 2597 est
1288 2555 1354 2597 esse
1367 2555 1443 2596 con-

489 2646 625 2698 tentum.
669 2633 788 2711 Quaeri
804 2632 923 2698 fuerint
939 2645 1123 2711 extenuata,
1138 2633 1196 2719 qui
1208 2656 1292 2698 nunc
1301 2633 1441 2719 potentis

491 2736 662 2823 appetebat
684 2736 853 2823 fulgorem,
876 2749 1066 2823 paupertate
1089 2736 1236 2802 sordidus
1254 2735 1444 2802 confusionis

492 2863 558 2903 suae
571 2840 716 2905 tenebras
725 2840 893 2905 erubescit.
926 2838 1008 2903 Inde
1023 2840 1119 2904 etiam
1130 2840 1444 2906 Lacedaemoniorum

491 2940 630 3019 decreto,
659 2943 873 3027 potestatibus
902 2941 934 3005 in
964 2966 1025 3007 usu
1055 2942 1256 3029 publicorum
1286 2943 1443 3007 bonorum

490 3044 627 3128 parcitas
648 3044 769 3109 indicta
790 3057 849 3122 est,
872 3046 950 3109 dum
973 3057 1077 3109 tamen
1100 3045 1308 3111 haereditariis
1331 3046 1391 3123 uti,
1414 3058 1446 3110 et

493 3143 544 3207 hie
564 3169 640 3231 quae
663 3145 825 3232 pinguiori
848 3146 979 3211 fortuna
1000 3147 1167 3227 accedunt,
1188 3148 1348 3212 communi
1372 3149 1446 3234 jure

495 3247 598 3312 liceat.

495 3532 576 3614 Cap.
592 3536 620 3593 5.
647 3530 740 3605 Quod
760 3532 947 3613 principem
976 3539 1102 3591 caetum
1129 3546 1198 3591 erae
1226 3538 1386 3611 oporteat,
1416 3537 1448 3591 et

787 3635 964 3696 avaritiam
980 3631 1153 3695 declinare.

539 3807 689 3870 Ausuc1r
708 3802 779 3867 lex:
804 3805 878 3866 Non
902 3802 1033 3868 habebit
1056 3824 1171 3867 uxores
1193 3801 1446 3889 plurimas,quae

494 3905 630 3971 afficiant
652 3907 789 3970 animam
811 3906 890 3991 ejus.
936 3906 1079 3971 Licitum
1102 3904 1232 3991 quidem
1261 3904 1325 3967 fuit
1348 3926 1450 3988 quan-

494 4005 600 4089 doque
615 4008 647 4068 in
669 4010 790 4091 populo
806 4006 881 4083 Dei,
905 4021 942 4072 ut
965 4005 1183 4094 propagandae
1206 4004 1322 4071 sobolis
1344 4004 1449 4090 gratia

392 4172 399 4179 ,
495 4119 527 4170 et
543 4102 667 4168 fidelem
687 4106 843 4191 populum
867 4107 1034 4185 dilatandi,
1057 4108 1165 4195 plures
1187 4108 1261 4194 quis
1283 4106 1451 4172 sortiretur

496 4230 621 4273 uxores.
688 4207 728 4270 In
757 4211 941 4297 exemplum
977 4212 1114 4276 licentiae
1148 4212 1246 4297 hujus
1279 4221 1451 4274 occurrunt

495 4310 697 4389 Patriarchae,
708 4334 809 4397 quum
825 4314 903 4380 Sara
912 4337 969 4379 usa
981 4316 1021 4380 sit
1028 4316 1103 4401 jure
1114 4335 1183 4390 suo,
1193 4335 1325 4398 corpore
1335 4310 1452 4376 scilicet

497 4413 643 4491 Abrahae,
664 4413 695 4478 in
720 4426 812 4479 utero
834 4415 948 4492 alieno,
971 4415 1093 4480 ancillae
1115 4412 1300 4490 ministerio,
1321 4412 1361 4477 de
1385 4412 1453 4475 viro
