3575 5575
359 811 428 856 car.
451 798 511 878 1v.]
721 814 978 862 mercatrices.
1256 805 1316 866 rat

360 983 422 1026 non
446 985 515 1030 esse
542 964 647 1045 illurn,
673 965 729 1052 qui
755 966 795 1031 de
820 975 949 1052 pectore
978 963 1119 1030 veritatis
1147 965 1313 1052 sapientiae

357 1064 477 1132 fluenta
486 1068 616 1153 potavit,
627 1091 728 1155 quum
741 1068 851 1134 orbam
861 1067 1017 1133 infectum
1026 1067 1087 1133 hac
1096 1067 1169 1134 labe
1178 1069 1313 1148 intonet,

355 1168 479 1236 diceus:
498 1171 710 1260 Quaecunque
725 1171 758 1236 in
774 1170 835 1236 hoc
849 1170 972 1243 mundo
986 1181 1070 1254 aunt,
1085 1171 1313 1259 concupiscen-

353 1270 433 1344 tiam
453 1274 619 1346 oculorum
639 1297 719 1354 esse,
739 1285 795 1340 aut
818 1274 932 1350 carnis,
948 1284 1006 1338 aut
1023 1275 1206 1361 superbiam
1227 1276 1312 1344 vitae.

355 1376 422 1450 Qui
437 1400 514 1462 ergo
527 1379 614 1444 hunc
628 1400 770 1444 amorem
785 1400 849 1442 non
865 1388 1034 1462 temperat,
1050 1378 1164 1445 timeat
1178 1379 1311 1466 lepram,

354 1488 389 1542 et
402 1479 581 1548 caecitatem
593 1481 768 1558 oculorum,
778 1501 852 1566 quae
867 1501 908 1543 ex
921 1501 961 1542 ea
975 1478 1133 1557 imminet,
1144 1482 1309 1566 pertimes-

355 1590 417 1646 cat.
464 1581 499 1645 Si
519 1582 626 1669 itaque
648 1582 706 1663 illi,
720 1581 776 1667 qui
798 1602 862 1645 nou
886 1578 1065 1665 reprimunt
1086 1582 1313 1668 concupiscen-

356 1683 445 1760 tiam,
458 1683 614 1750 malorum
630 1683 741 1772 utique
756 1683 877 1749 fontem
894 1691 929 1747 et
942 1681 1099 1765 fomitem,
1108 1682 1312 1770 dispendium

354 1785 465 1852 salutis
480 1787 656 1864 incurrunt,
671 1785 749 1873 quid
761 1785 823 1850 erit
835 1785 910 1864 illis,
922 1784 979 1871 qui
993 1807 1064 1851 earn
1080 1799 1311 1854 assentatorum

355 1887 557 1956 inflammant
571 1888 718 1968 stimulis,
729 1902 762 1953 et
777 1888 867 1975 quasi
882 1887 1026 1954 fomenta
1037 1887 1185 1952 vitiorum
1197 1912 1312 1956 acceu-

354 1990 459 2056 dunt?
487 1992 575 2071 Quid
595 1992 722 2073 facient,
737 2006 793 2056 aut
807 1992 912 2077 potius
934 1990 1013 2079 quid
1033 1990 1205 2076 patientur,
1221 1993 1311 2080 quia

354 2093 487 2160 veritate
501 2105 650 2160 avertunt
663 2094 821 2173 auditum,
836 2093 870 2158 in
891 2092 1102 2158 admiratione
1117 2115 1222 2158 rarum
1242 2118 1313 2162 cor.

353 2188 609 2282 ruptibilium¹“et
631 2195 916 2282 corrumpentium,
936 2218 1001 2260 uon
1019 2195 1174 2261 claudunt
1192 2198 1310 2281 oculos,

354 2289 467 2366 manus
493 2299 689 2385 expandunt,
712 2309 745 2364 et
768 2298 912 2363 omnium
935 2320 1086 2365 sensuum
1107 2299 1309 2366 vivacitatem

353 2399 527 2466 exercent?
549 2399 677 2464 Deinde
692 2399 782 2486 quasi
797 2399 861 2464 diei
877 2421 942 2468 nou
957 2398 1091 2464 sufficiat
1105 2398 1228 2466 malitia
1242 2424 1310 2482 sua,

352 2501 481 2568 fallacia
502 2503 596 2568 unius
621 2502 750 2568 alterius
775 2501 935 2567 fallaciam
958 2501 1066 2567 trudit
1113 2503 1310 2570 Terentiano

351 2603 509 2691 siquidem
525 2604 622 2671 verbo
633 2604 783 2668 libentius
799 2614 880 2684 utor,
891 2602 970 2667 dum
985 2603 1027 2668 ad
1042 2606 1309 2690 concupiscentiae

352 2705 514 2778 fornacem
540 2707 803 2772 succendendum
833 2704 1028 2769 conveniunt
1056 2705 1247 2789 adulatores,
1275 2717 1310 2772 et

353 2807 516 2887 relatores,
535 2807 703 2887 delatores,
726 2818 760 2871 et
776 2806 982 2885 detractores,
1004 2806 1117 2885 invidi,
1139 2808 1310 2887 ambitiosi,

352 2908 439 2987 elati,
464 2909 596 2993 factiosi,
620 2922 653 2975 et
678 2909 897 2995 superstitiosi,
918 2909 1075 2994 flagitiosi,
1100 2912 1308 3000 omniumque

246 3082 250 3089 ,
352 3009 526 3075 officiorum
541 3010 797 3097 praevaricatores
805 3036 815 3089 3
841 3032 921 3099 quos
936 3010 1013 3098 quia
1026 3011 1094 3075 lere
1109 3012 1229 3101 ubique
1245 3026 1309 3078 ter-

352 3136 459 3177 rarum
482 3124 565 3191 sunt,
588 3113 711 3181 facilius
734 3123 782 3179 est
802 3112 958 3197 invenire,
974 3136 1073 3201 quam
1095 3114 1307 3184 dinumerare.

353 3218 515 3282 Adversus
530 3218 713 3302 hujusmodi
732 3229 781 3282 est
796 3217 900 3283 omnis
919 3217 980 3295 lex,
996 3217 1030 3281 in
1046 3218 1103 3284 hos
1118 3219 1225 3284 omnia
1233 3220 1310 3305 jura

350 3321 528 3406 conjurant,
538 3332 572 3385 et
586 3321 619 3386 in
631 3321 760 3387 eosdem
776 3321 866 3409 quasi
877 3321 911 3386 in
926 3320 1066 3407 publicae
1077 3321 1187 3389 salutis
1202 3322 1307 3389 hostes

351 3425 542 3511 quaudoque
557 3424 660 3491 omnis
676 3424 852 3492 armabitur
867 3434 1024 3491 creatura.

347 3729 430 3842 Cap.
446 3765 476 3822 4.
502 3760 591 3833 Quid
604 3760 768 3837 adulator,
782 3764 973 3832 assentator,
990 3765 1022 3821 et
1033 3759 1151 3839 pulpos
1178 3764 1209 3820 at
1223 3757 1308 3837 quod

637 3863 683 3925 aia
696 3859 783 3923 otti!
792 3861 1017 3943 perniciosius.

395 3994 579 4060 Anutaroa
590 3993 676 4058 enirn
688 3991 791 4058 omnis
809 3991 933 4059 virtutis
943 3990 1090 4058 inimicus
1101 4001 1160 4070 est,
1171 4001 1206 4057 et
1215 3993 1306 4081 quasi

350 4095 475 4161 clavum
492 4096 562 4181 figit
576 4095 608 4160 in
632 4096 726 4163 oculo
740 4096 835 4174 illius,
851 4117 926 4161 cum
944 4117 1009 4183 quo
1030 4117 1210 4161 sermonem
1230 4118 1306 4161 con·

350 4198 435 4275 serit,
462 4221 565 4286 eoque
591 4201 692 4285 magis
715 4200 876 4269 cavendus
905 4214 963 4277 est,
989 4220 1054 4287 quo
1079 4200 1138 4263 sub
1168 4199 1305 4263 amantis

350 4298 467 4384 specie,
492 4322 606 4367 uocare
630 4325 693 4368 non
717 4302 845 4383 desinit,
868 4304 973 4367 donec
995 4300 1126 4367 rationis
1148 4300 1307 4367 obtundat

350 4420 498 4481 acumen,
520 4413 554 4465 et
574 4403 736 4472 modicum
754 4403 788 4470 id
811 4392 953 4479 luminis,
976 4402 1063 4489 quod
1084 4401 1195 4466 adesse
1217 4400 1304 4482 vida·
