3575 5575
465 875 470 886 ι
496 798 557 866 tat
751 815 885 862 Joauurs
902 812 1182 861 sannsunnmusrs
1295 792 1376 871 [mn.
1393 810 1444 857 111.

494 971 678 1036 admittatur
692 973 855 1046 exclusus,
871 970 920 1032 vel
935 967 1097 1031 emittatur
1110 965 1265 1040 inclusus,
1283 964 1361 1026 dum
1377 983 1444 1026 cur·

493 1073 544 1135 nis
566 1073 645 1153 gerit
665 1073 786 1135 luteum
815 1069 1047 1132 indumentum.
1090 1067 1175 1129 Eam
1205 1066 1326 1149 quippe
1355 1073 1446 1128 tanta

494 1171 668 1233 subtilitate
683 1189 816 1233 necesse
827 1178 877 1231 est
887 1169 973 1246 exui,
985 1177 1022 1230 ut
1030 1188 1087 1250 per
1097 1163 1241 1228 foramen
1256 1184 1333 1226 acus
1342 1163 1445 1246 possit

495 1275 564 1336 sine
580 1273 668 1336 omni
684 1271 844 1336 attritione
859 1271 992 1334 transui.
1039 1268 1189 1352 Alioquin
1209 1267 1333 1348 integer
1347 1286 1443 1328 nemo

496 1374 653 1456 egreditur
659 1397 668 1450 ;
691 1375 771 1437 forte
780 1373 865 1450 ideo,
875 1373 951 1454 quia
961 1392 1112 1455 capacem
1123 1371 1207 1432 hauc
1219 1369 1349 1431 aream“
1360 1367 1444 1448 Styx

494 1476 607 1539 novies
621 1475 776 1537 interfusa
794 1474 950 1538 coercet.”
993 1472 1081 1548 Vidi,
1096 1471 1203 1553 inquit
1217 1469 1445 1545 Ecclesiastes‚

496 1589 614 1641 cuneta
642 1578 703 1639 sub
726 1577 804 1651 sole,
832 1587 867 1639 et
887 1596 964 1640 ecce
986 1573 1093 1637 statim
1115 1573 1223 1634 omnia
1251 1572 1385 1648 truitae,
1406 1592 1444 1635 eo

498 1675 585 1758 quod
605 1675 721 1753 omnia,
744 1696 817 1758 quae
839 1697 859 1738 a
880 1672 984 1737 solido
1007 1673 1148 1735 veritatis
1170 1681 1254 1735 statu
1283 1669 1445 1746 recedant,

495 1775 732 1859 vanitatique}
757 1790 898 1838 nostram
928 1773 1130 1839 Comoediam
1155 1773 1278 1852 deceat,
1303 1773 1447 1858 subjecta

496 1887 581 1939 sunt.
626 1875 768 1938 Vanitati
779 1876 865 1939 enim
877 1875 1020 1958 subjecta
1031 1885 1081 1937 est
1092 1883 1233 1938 creatura
1243 1896 1310 1936 uon
1326 1876 1444 1937 volana.

495 1979 589 2041 Licet
604 1977 689 2039 enim
704 1998 816 2038 norem
832 1977 975 2051 orbibus,
998 1977 1064 2038 sive
1079 1975 1184 2058 globis
1200 1976 1307 2056 potius
1322 1975 1445 2038 sedium

495 2089 672 2141 nostrarum
696 2077 851 2140 habitatio
873 2087 940 2140 tota
969 2076 1145 2154 claudatur,
1167 2077 1315 2139 omnibus
1340 2087 1445 2139 tamen

499 2179 691 2264 quandoque
715 2178 943 2259 egrediendum
964 2191 1022 2256 est,
1040 2200 1215 2262 omnesque
1239 2177 1368 2241 Charon
1390 2179 1444 2240 ille

497 2281 705 2344 inexorabilis
721 2291 842 2343 vetusta
857 2281 907 2343 sui
923 2281 1074 2363 temporis
1088 2302 1170 2343 nave
1179 2280 1324 2364 trajiciet.
1369 2281 1445 2344 Om-

496 2385 592 2446 nibus
613 2403 740 2466 quoque
763 2381 937 2444 succedent
958 2383 1024 2457 alii,
1046 2391 1079 2444 et
1101 2382 1147 2444 sic
1171 2383 1329 2444 transiens
1350 2383 1446 2444 homo

497 2494 606 2548 manet
626 2485 660 2545 in
684 2484 804 2566 specie,
828 2483 1097 2567 quemadmodum
1122 2505 1205 2566 aqua
1226 2494 1446 2567 pretereunte,

496 2597 591 2649 notus
606 2585 709 2647 amnis
723 2594 831 2646 manet
844 2585 878 2645 in
894 2585 1035 2646 flumine.
1081 2584 1148 2648 Ubi
1160 2596 1243 2658 sunt,
1258 2585 1373 2668 inquit,
1388 2586 1446 2647 viri

495 2698 655 2772 potentes,
671 2688 712 2749 ab
727 2685 820 2748 initio
836 2685 974 2750 scientes
994 2687 1124 2763 bellum,
1140 2697 1194 2749 aut
1210 2686 1264 2769 qui
1280 2687 1314 2747 in
1334 2686 1446 2749 avibus

496 2791 570 2853 coeli
583 2787 709 2865 ludunt,
728 2798 761 2850 et
775 2789 990 2851 thesaurizant
1009 2789 1072 2850 sibi
1087 2810 1209 2866 aurum,
1228 2790 1262 2852 in
1283 2810 1346 2873 qno
1368 2808 1445 2852 con-

495 2891 600 2953 fidunt
612 2890 771 2965 homineS,
780 2888 951 2972 jungentes
961 2911 1073 2969 agrum
1088 2912 1173 2971 agro,
1182 2890 1312 2954 domum
1325 2891 1446 2967 domui,

495 3012 599 3073 nsque
622 2991 663 3053 ad
679 2991 830 3053 terminos
851 2992 926 3070 loci,
941 3002 973 3055 et
988 3014 1054 3054 nou
1069 3004 1118 3057 est
1139 2992 1213 3057 finis
1235 2994 1446 3076 possessionis

498 3114 617 3155 eorum.
662 3091 842 3175 Statimque
858 3093 1006 3176 subjecit,
1021 3094 1108 3178 quod
1130 3116 1192 3157 usu
1206 3106 1239 3157 et
1261 3096 1445 3159 assiduitate

491 3195 561 3279 jam
583 3194 731 3256 omnibus
752 3214 937 3275 persuasum
961 3207 1028 3259 est:
1054 3196 1087 3257 hi
1110 3196 1151 3258 ad
1173 3196 1291 3259 inferos
1313 3197 1446 3261 descen·

497 3296 622 3369 derunt,
638 3294 733 3356 etalii
744 3295 777 3357 in
792 3296 898 3358 locum
910 3296 1035 3358 illorum
1045 3308 1275 3361 successerunt.
1320 3299 1443 3360 Verun-

497 3404 605 3457 tamen
616 3396 698 3457 bene
714 3413 787 3458 curn
798 3394 1035 3476 egredientibus
1050 3398 1164 3479 agitur,
1175 3398 1229 3481 qui
1245 3419 1309 3460 nou
1326 3398 1444 3461 abhoc

496 3495 630 3556 fortunae
652 3491 729 3555 ludo
745 3495 984 3573 transferuntur,
1002 3495 1154 3579 ejiciendi
1177 3498 1210 3559 in
1226 3500 1373 3563 tenebras
1388 3520 1445 3562 ex-

497 3597 639 3672 teriores,
661 3597 717 3658 ubi
739 3596 797 3658 erit
818 3598 912 3659 fletus
927 3609 958 3661 et
981 3584 1096 3661 stridor
1111 3600 1266 3679 dentium,
1288 3604 1387 3687 etqui
1402 3603 1442 3665 ab

496 3698 587 3782 aquis
600 3697 730 3777 nivium,
754 3719 833 3781 quas
847 3710 978 3762 sauctus
995 3701 1059 3763 Job
1081 3716 1317 3783 commemorat,
1337 3708 1378 3770 ad
1394 3729 1447 3769 oa·

497 3804 598 3864 lorem
627 3800 759 3863 nimium
786 3801 917 3866 minime
947 3812 1121 3866 transeunt.
1168 3808 1257 3869 Bene
1281 3829 1354 3869 cum
1383 3808 1447 3869 illis

497 3898 612 3977 agitur,
633 3897 687 3979 qui
708 3919 783 3961 suos
804 3907 995 3980 exspectant
1013 3899 1154 3981 Elysios,
1176 3923 1255 3984 quos
1278 3903 1449 3985 praesentia

497 3998 699 4080 suajustitiae
719 4000 765 4061 sol
789 4020 880 4062 verus
902 4000 1045 4063 illustrat.
1093 4002 1157 4064 Sed
1180 4003 1257 4085 quid
1280 4013 1339 4079 est,
1360 4005 1447 4088 quod

497 4098 627 4179 Elysios
656 4119 787 4182 campos
809 4122 828 4162 a
848 4103 1051 4165 mutabilium
1080 4124 1184 4165 rerum
1214 4106 1313 4189 septis
1342 4107 1448 4171 verbis

497 4196 661 4262 excludo?
693 4200 787 4261 Certe
810 4222 868 4282 pro
890 4217 979 4286 parte
1002 4205 1117 4267 inclusi
1140 4217 1225 4284 sunt,
1247 4218 1393 4289 patentes
1416 4212 1449 4272 in

494 4296 663 4364 latitudine
679 4301 829 4364 bonarum
842 4305 995 4367 mentium
1007 4330 1016 4382 ;
1039 4306 1157 4389 quibus
1166 4329 1185 4371 a
1194 4319 1282 4390 patre
1294 4311 1449 4373 luminum

499 4403 607 4480 datum
624 4411 682 4479 est,
698 4402 780 4465 utin
792 4405 904 4468 notitia
920 4418 951 4469 et
961 4428 1066 4471 aurore
1081 4410 1169 4488 boni,
1186 4420 1253 4474 toto
1269 4413 1318 4485 sui
1328 4413 1449 4503 agitatu
