3575 5575
1065 225 1106 298 s
1289 299 1305 331 ,
1453 249 1480 320 s

1092 241 1285 494 ap

351 819 423 864 cau.
439 800 516 880 ma]
683 815 936 862 rourcnamcns.
1236 798 1296 858 ael

350 970 498 1033 tenuisse.
544 969 579 1033 si
600 977 705 1033 motus
719 990 823 1032 rerum
843 969 991 1052 praescire
1015 967 1189 1046 desideras,
1206 968 1300 1031 meri·

350 1072 430 1134 toria
445 1070 579 1150 discute,
594 1081 626 1135 et
645 1073 782 1136 lixarum
798 1072 1005 1136 castrensium
1027 1071 1152 1156 inquire
1173 1081 1299 1134 senten·
1359 1059 1361 1076 '

349 1173 420 1235 tias.
444 1173 535 1235 Nihil
549 1173 633 1235 enim
644 1173 725 1236 adeo
741 1174 902 1236 occultum
914 1183 972 1244 est,
985 1172 1072 1258 quod
1082 1173 1127 1256 eis
1138 1194 1179 1236 ex
1192 1173 1301 1256 aliqua

348 1288 437 1359 parte
452 1296 517 1338 uon
532 1277 697 1340 reveletur.
741 1275 776 1339 si
785 1275 863 1337 mihi
877 1296 942 1338 non
959 1275 1074 1354 credis,
1088 1278 1139 1339 vel
1149 1273 1302 1360 Aquinati

348 1388 458 1441 nostro
470 1399 562 1442 aures
576 1376 796 1441 accommoda.
841 1378 897 1440 Ait
911 1378 1007 1454 enim,
1159 1369 1327 1406 Ἠ

457 1508 482 1558 0
497 1507 628 1575 Corydon,
642 1505 774 1574 Corydon,
787 1510 916 1557 secretum
928 1505 1015 1558 divitis
1026 1504 1108 1558 ullum

456 1593 524 1644 Esse
536 1592 634 1663 putas?
647 1591 715 1643 servi
725 1595 755 1642 ut
766 1594 879 1654 taceant,
887 1589 1007 1659 jumenta
1017 1588 1163 1658 loquentur,

456 1679 493 1730 Et
505 1678 586 1742 canis,
598 1681 625 1728 et
638 1680 734 1747 postes,
747 1679 773 1726 et
785 1691 925 1726 marmora:
945 1672 1036 1725 claude
1047 1671 1184 1738 fenestras,

459 1763 530 1816 Vela
541 1768 633 1830 tegant
643 1762 731 1826 rimas,
738 1761 824 1832 junge
836 1760 913 1822 ostia,
926 1757 1010 1810 tollito
1021 1758 1109 1812 lumen

458 1849 482 1900 E
495 1848 591 1912 medio,
605 1852 709 1899 taceant
721 1863 822 1909 omues,
834 1862 915 1919 prope
926 1861 1002 1896 nemo
1014 1845 1164 1901 recumbat:

460 1933 539 1996 Quod
549 1939 637 1984 tamen
648 1932 681 1984 ad
694 1939 798 1984 cautum
810 1928 874 1999 galli
885 1928 948 1981 facit
960 1928 1005 1982 ille
1018 1931 1133 1995 secundi,

459 2018 597 2071 Proximus
608 2024 669 2069 aute
681 2017 751 2069 diem
763 2033 844 2087 caupo
856 2017 929 2068 sciet.

353 2142 510 2206 Procedo.
534 2140 569 2203 Si
580 2150 669 2202 terrae
682 2148 839 2202 secretum
852 2160 945 2202 suurn
959 2138 1107 2217 infodiat,
1119 2142 1169 2203 vel
1184 2140 1308 2207 arundo

353 2261 560 2305 succrescens
583 2239 645 2305 hoc
668 2237 826 2322 producet
848 2239 882 2302 iu
903 2239 1081 2322 publicum,
1105 2250 1137 2303 et
1152 2241 1214 2305 leri
1230 2243 1306 2306 flatu

353 2344 388 2405 iu
404 2363 496 2407 auras
511 2341 662 2426 proferet,
675 2341 828 2424 quoniam

618 2470 757 2524 Auriculas
769 2470 836 2522 asini
849 2469 938 2522 Midas
949 2470 1039 2525 habet.

354 2593 1309 2679 PallasquoqueErichthouiumsuumoccultarenoupotuit,

356 2695 433 2778 quin
443 2694 548 2776 ipsum
552 2693 790 2776 jamcoguitum
800 2693 937 2755 cornicis
945 2694 1307 2776 garrulitaspublicaret:

356 2796 442 2859 unde
453 2797 528 2879 quia
538 2796 634 2858 alieni
646 2793 777 2857 admissi
787 2793 924 2857 delatrix
934 2796 1033 2859 fuitet
1042 2797 1183 2875 conscia,
1192 2798 1308 2861 coloris

358 2895 501 2981 perdidit
524 2906 733 2974 venustatem,
753 2905 787 2959 et
813 2897 1006 2978 garrulitatis
1029 2897 1162 2961 incurrit
1189 2909 1309 2962 uotam.

358 2999 516 3062 Praeterea
525 2998 685 3061 secretarii
698 2997 840 3074 divitum,
852 2999 944 3081 quasi
961 2998 1090 3084 quidam
1106 3001 1245 3064 tolutarii
1259 3002 1311 3064 vel

357 3101 514 3165 clitellarii
529 3108 613 3179 suut,
628 3097 728 3182 etqui
745 3122 854 3164 eorum
869 3100 995 3165 delictis
1007 3113 1196 3165 onerentur:
1221 3103 1310 3186 quic·

357 3201 435 3285 quid
450 3203 491 3265 ab
507 3202 554 3265 eis
570 3200 767 3285 delinquitur
781 3202 815 3265 iu
838 3204 970 3266 istorum
986 3204 1149 3267 infamiam
1165 3203 1311 3283 cuditur;

357 3304 421 3367 nisi
442 3303 524 3367 forte
546 3324 585 3367 ea
607 3303 649 3365 sit
671 3302 712 3365 de
735 3313 866 3387 potente
898 3304 1018 3387 opinio,
1041 3316 1076 3367 ut
1098 3306 1187 3367 nullo
1209 3305 1311 3390 possit

359 3405 497 3468 consilio
527 3405 702 3488 depravari.
747 3405 783 3468 si
813 3405 899 3469 euim
929 3406 1081 3470 solemnis
1111 3416 1160 3470 est
1190 3406 1313 3471 malitia

359 3505 440 3587 ejus,
454 3506 482 3566 si
497 3505 616 3568 fraudis
635 3519 667 3569 et
681 3505 749 3569 doli
773 3508 902 3589 vulgata
924 3509 1047 3591 opinio,
1070 3510 1167 3573 totius
1183 3509 1313 3572 familiae

358 3606 444 3667 sama
457 3616 620 3686 purgatur,
636 3626 674 3667 ac
694 3607 721 3668 si
736 3608 850 3688 capitis
867 3609 1002 3688 languor
1015 3607 1242 3670 infirmantium
1259 3608 1314 3670 de·

361 3706 467 3787 nigret
490 3703 631 3766 dolorem
660 3707 804 3768 laterum.
849 3708 1002 3788 Alioquin
1026 3709 1053 3770 si
1082 3708 1261 3787 benignior,
1285 3707 1312 3769 si

362 3807 485 3870 civilior
507 3802 646 3867 creditur
667 3815 860 3888 potentatus,
884 3808 991 3869 omnia
1014 3806 1220 3869 deliramenta
1243 3806 1313 3890 ejus

361 3907 541 3982 familiares,
565 3907 656 3989 quasi
686 3902 854 3982 clitellarii,
878 3904 1071 3990 quibusdam
1101 3906 1240 3970 nominis
1263 3908 1313 3971 sui

361 4010 501 4074 humeris
516 4020 654 4091 portant.
699 4007 763 4071 Sed
780 4018 867 4072 recte
888 4017 1050 4090 gestorum
1065 4009 1111 4071 nil
1126 4008 1188 4071 nisi
1202 4011 1314 4095 benig·

363 4111 466 4188 nitati,
481 4119 537 4172 aut
552 4109 696 4173 civilitati
708 4110 846 4193 potentis
859 4110 1057 4173 adscribitur.
1089 4112 1134 4173 Et
1149 4110 1314 4194 siquando

364 4213 508 4275 calculus
538 4211 662 4291 gravior
689 4212 844 4289 imminet,
874 4211 967 4295 quasi
996 4212 1110 4294 pellem
1133 4232 1192 4294 pro
1222 4215 1315 4295 pelle,

362 4312 500 4374 animam
520 4323 605 4374 tuam
629 4311 719 4375 dabit
740 4311 830 4375 dives
848 4334 905 4395 pro
929 4312 1013 4376 fama
1035 4334 1101 4391 sua,
1125 4324 1157 4376 et
1177 4324 1212 4376 ut
1233 4315 1315 4375 inte

363 4423 541 4495 retorqueat
553 4413 679 4495 culpam
693 4434 793 4491 suam,
805 4427 902 4497 caput
911 4425 998 4477 tuum
1009 4414 1129 4477 meritis
1139 4413 1316 4489 criminum,
