3575 5575
507 814 545 873 14
761 822 897 869 soauurs
913 819 1192 869 saansanarnusrs
1227 824 1232 830 ·
1333 807 1415 885 [nra.
1432 824 1454 873 1.

506 979 592 1042 anim
609 999 707 1062 quum
722 976 860 1059 ineptias
875 994 950 1040 suas
965 978 1067 1040 lector
1081 978 1130 1040 vel
1146 975 1271 1041 auditor
1291 988 1456 1060 agnoscet,

505 1077 1455 1162 illudethicumreducetadanimum,quia“mutatonomine

506 1181 548 1245 de
563 1202 597 1246 se
611 1182 721 1245 fabula
734 1188 879 1243 narratur
890 1181 917 1257 ;'‘
938 1180 1102 1263 precipue
1117 1200 1215 1263 quum
1232 1202 1343 1245 omnes
1357 1202 1455 1245 nove·

504 1282 569 1345 rint
594 1282 724 1367 quantis
747 1292 784 1345 tu
810 1278 1011 1345 serietatibus
1031 1279 1152 1364 jugiter
1177 1283 1356 1365 occuperis.
1399 1282 1455 1348 stc

505 1382 583 1446 dum
603 1384 682 1448 alios
704 1382 798 1447 docet
813 1383 937 1446 Seneca
952 1404 1044 1445 suum
1058 1392 1170 1446 monet
1189 1383 1360 1447 Lucilium.
1405 1382 1457 1446 lld

505 1485 671 1549 Oceanum
701 1494 734 1548 et
762 1482 1004 1546 Pammachlum
1031 1481 1142 1546 scribit
1170 1482 1402 1565 Hieronymus,
1424 1494 1457 1546 et

504 1584 637 1649 aliorum
650 1587 837 1668 plerumque
849 1584 984 1663 castigat
992 1603 1155 1647 excessus.
1186 1584 1339 1667 Quisquis
1350 1596 1456 1648 autern

502 1686 699 1751 blandientis
713 1693 863 1749 causatur
882 1682 1032 1766 ineptias,
1046 1684 1209 1766 negotium
1224 1706 1297 1748 cum
1312 1691 1457 1770 tempore

503 1788 661 1861 metiatur,
687 1796 720 1849 et
745 1786 833 1869 quod
859 1785 1014 1867 sapientis
1037 1793 1095 1863 est,
1121 1806 1164 1849 ex
1189 1786 1295 1849 causis
1325 1786 1457 1850 dicendi
1495 1845 1500 1853 .

505 1886 769 1972 dictadijudicet.
793 1886 827 1949 Si
839 1885 917 1969 quid
929 1897 1035 1949 autem
1046 1887 1186 1970 cuipiam
1198 1888 1342 1970 asperius
1353 1899 1457 1963 sonat,

506 2010 572 2055 non
586 1988 620 2053 in
634 2010 668 2051 se
685 1988 859 2072 quicquam
878 1986 1000 2051 dictum
1018 1988 1152 2064 noverit,
1166 1989 1224 2052 sed
1237 1991 1271 2052 in
1287 1990 1456 2074 meipsum,

506 2102 538 2155 et
552 2090 671 2155 similes
686 2090 759 2169 mei,
775 2089 831 2173 qui
846 2110 975 2153 mecum
997 2090 1134 2174 cupiunt
1147 2090 1330 2169 emendam
1353 2100 1408 2154 aut
1421 2092 1456 2153 in

505 2212 570 2269 eos,
600 2191 655 2275 qui
685 2190 818 2272 collapsi
846 2190 880 2252 in
909 2191 985 2268 fata,
1014 2212 1141 2254 omnem
1172 2192 1456 2274 reprehensionem

505 2292 727 2376 equanimiter
748 2291 861 2355 ferunt.
916 2292 1006 2355 Novi
1031 2294 1117 2356 enim
1142 2294 1219 2377 quia
1246 2292 1326 2357 nulli
1350 2292 1456 2375 gravis

504 2414 676 2479 percussus
697 2393 858 2457 Achilles:
882 2404 916 2458 et
929 2414 1069 2478 praesens
1091 2405 1170 2459 aetas
1191 2396 1358 2477 corrigitur
1377 2395 1453 2459 dum

504 2497 665 2581 praeterita
679 2495 744 2559 suis
764 2497 884 2560 meritis
903 2496 1096 2582 objurgatur.
1143 2496 1197 2561 Sic
1220 2498 1296 2560 dum
1317 2497 1456 2577 corrigat

505 2598 670 2674 Horatius,
684 2594 779 2659 etiam
795 2598 903 2676 servis,
913 2606 949 2661 ut
966 2598 1140 2662 Decembri
1154 2598 1301 2662 libertate
1315 2606 1455 2674 utantur,

502 2699 656 2783 indulget.
752 2736 755 2740 ·

641 2817 727 2871 Omne
737 2815 808 2871 vafer
819 2818 911 2872 vitium
921 2817 1018 2870 ridenti
1031 2815 1141 2870 Flaccos
1152 2817 1235 2870 amico

640 2901 750 2970 Tangit,
762 2909 790 2956 et
801 2905 931 2956 admissus
942 2905 1038 2956 mcum
1049 2904 1188 2974 praecordia
1199 2901 1274 2956 ludit.

501 3007 584 3080 Quae
609 3025 682 3068 vero
708 3005 834 3069 adrem
857 3006 1051 3088 pertinentia
1077 3028 1096 3068 a
1117 3007 1251 3068 diversis
1272 3006 1455 3071 auctoribus

501 3129 537 3172 se
560 3107 666 3170 animo
688 3107 886 3190 ingerebant,
909 3106 986 3170 dum
1008 3107 1201 3180 conferrent,
1224 3115 1278 3170 aut
1294 3107 1454 3190 juvarent,

502 3209 609 3273 curavi
623 3208 773 3284 inserere,
783 3209 888 3272 tacitis
903 3207 1064 3272 interdum
1075 3209 1260 3271 nominibus
1270 3220 1451 3285 auctorum3

501 3322 570 3375 tum
593 3307 667 3394 quia
689 3310 759 3387 tibi,
781 3320 892 3394 utpote
915 3310 1092 3375 exercitato
1114 3309 1149 3374 in
1171 3309 1280 3384 literis,
1303 3311 1452 3394 pleraque

501 3413 686 3497 plenissime
708 3421 783 3476 nota
804 3433 875 3476 esse
896 3433 1064 3489 noveram3
1087 3421 1155 3475 tum
1168 3421 1205 3475 ut
1219 3411 1262 3476 ad
1280 3413 1453 3475 lectionem

503 3513 664 3578 assiduam
679 3514 782 3594 magis
804 3513 1033 3579 accenderetur
1052 3515 1193 3598 ignarus.
1238 3517 1279 3578 In
1294 3515 1410 3600 quibus
1424 3514 1451 3578 si

501 3615 582 3701 quid
604 3637 624 3680 a
644 3615 711 3678 fide
734 3617 798 3679 reri
820 3612 948 3698 longius
969 3617 1070 3694 abest,
1092 3618 1171 3681 mihi
1194 3620 1318 3682 veniam
1341 3618 1452 3682 deberi

501 3717 642 3797 confide,
668 3719 722 3800 qui
749 3739 813 3781 non
840 3719 957 3797 omnia,
981 3741 1052 3804 quae
1078 3717 1131 3784 hic
1162 3722 1353 3802 scribuntur,
1377 3741 1452 3784 vera

500 3841 568 3885 esse
583 3821 749 3904 promitto;
766 3820 823 3885 sed
839 3821 904 3884 sive
920 3842 1002 3899 vera,
1014 3843 1070 3886 seu
1085 3824 1166 3889 falsa
1180 3835 1266 3904 sunt,
1274 3823 1451 3905 legentium

500 3918 610 3983 usibus
631 3919 789 3983 inservire.
835 3919 950 4004 Neque
970 3922 1055 3985 enim
1077 3925 1158 3988 adeo
1168 3946 1299 4026 tefflans
1317 3945 1399 4001 sum,
1414 3931 1451 3986 ut

498 4041 653 4104 provere
679 4021 851 4099 adstruam,
874 4023 950 4106 quia
974 4027 1124 4106 pennatis
1149 4026 1262 4088 avibus
1287 4024 1450 4109 quondam

500 4122 1320 4207 testudoloquutaest,autquod“rusticusurbanum
1329 4147 1450 4189 murem

498 4245 571 4288 mus
580 4243 718 4308 paupere
728 4225 831 4288 tecto'‘
840 4227 1030 4308 susceperit,
1040 4238 1072 4291 et
1081 4227 1212 4304 similia3
1224 4227 1283 4292 sed
1292 4229 1371 4313 quin
1379 4229 1449 4294 haec

497 4327 650 4409 figmenta
663 4333 779 4390 nostrae
794 4327 988 4389 famulentur
1002 4328 1216 4407 instructioni,
1230 4352 1296 4394 non
1312 4331 1448 4414 ambigo.

499 4431 581 4493 Haec
613 4449 741 4514 quoque
766 4429 848 4512 ipsa,
880 4428 999 4511 quibus
1028 4430 1212 4515 plerumque
1242 4443 1324 4512 utor,
1347 4434 1450 4497 aliena
