3575 5575
356 816 426 862 one.
444 800 504 880 ru]
726 811 979 861 eonrcnarrcns.
1258 799 1300 855 67

350 980 479 1053 repente
494 967 628 1031 clamare
648 965 763 1053 coepit:
789 968 859 1030 Vox
875 966 916 1030 ab
937 965 1069 1041 oriente,
1085 986 1147 1027 vox
1163 963 1204 1027 ab
1218 958 1298 1025 occi-

350 1068 455 1145 dente,
467 1092 529 1135 vox
543 1093 561 1133 a
573 1081 713 1155 quatuor
729 1072 842 1145 ventis,
852 1090 915 1132 vox
931 1090 1026 1154 super
1042 1064 1298 1150 Hierosolymam

348 1183 380 1236 et
396 1171 563 1257 templum,
580 1192 643 1235 vox
659 1190 754 1254 super
777 1190 907 1254 sponsos
921 1180 954 1231 et
969 1188 1065 1252 super
1079 1188 1219 1252 sponsas,
1236 1187 1297 1228 vox

349 1294 445 1359 super
466 1272 634 1358 populum.
679 1272 724 1334 Et
750 1269 963 1334 indesinenter
983 1268 1036 1334 die
1057 1280 1220 1353 noctuque
1240 1288 1298 1353 per

349 1396 457 1438 omnes
477 1374 598 1460 plateas
618 1372 805 1437 circumiens
827 1371 897 1435 haec
916 1370 1091 1435 clamabat:
1115 1390 1299 1457 usquequo

350 1474 481 1559 quidam
505 1474 659 1558 primores
680 1494 720 1535 ex
745 1470 866 1557 populo
882 1472 954 1545 viri,
969 1471 1056 1535 velut
1072 1470 1203 1534 infausti
1218 1492 1301 1555 prae·

351 1572 430 1653 sagii
466 1572 686 1655 indignatione
723 1571 884 1647 commoti,
922 1582 1103 1654 correptum
1140 1570 1299 1633 hominem

351 1671 461 1737 multis
476 1673 664 1738 verberibus
685 1672 837 1736 afficiunt.
882 1674 929 1735 At
951 1670 1003 1734 ille
1024 1693 1226 1757 nequaquam
1241 1692 1301 1755 pro

352 1796 384 1837 se
399 1772 521 1858 aliquid
545 1774 690 1859 loquens,
707 1774 760 1837 sed
785 1796 842 1836 nec
857 1796 912 1835 eos
932 1771 1074 1858 quidem,
1089 1772 1146 1857 qui
1167 1771 1301 1834 nircum-

352 1886 506 1938 steterant
528 1872 713 1958 deprecans,
736 1872 862 1935 easdem
879 1894 971 1936 voees
993 1871 1062 1958 pari
1086 1871 1302 1936 obstinatione

350 1986 383 2039 et
405 1973 541 2038 clamore
560 1974 735 2059 repetebat.
783 1974 878 2037 Tunc
901 1972 1060 2060 principes
1081 1971 1304 2057 intelligentes,

351 2087 389 2138 ut
410 2097 462 2138 res
483 2086 563 2154 erat,
584 2074 723 2139 numinis
745 2096 814 2138 esse
835 2075 868 2138 in
892 2075 961 2138 viro
983 2087 1100 2155 motus,
1122 2074 1303 2159 perducunt

351 2198 424 2240 eum
439 2177 479 2240 ad
500 2176 642 2263 judicem
665 2178 895 2255 Romanorum,
911 2177 998 2263 apud
1021 2200 1117 2263 quem
1138 2176 1247 2261 flagris
1260 2175 1303 2240 ad

351 2302 422 2343 ossa
443 2302 546 2365 usque
567 2278 717 2356 laniatus,
740 2301 845 2365 neque
871 2302 979 2365 preces
1000 2302 1104 2365 neque
1126 2278 1304 2364 lachrymas

352 2379 458 2455 fudit;
483 2379 539 2445 sed
559 2379 689 2444 eandem
707 2401 815 2443 vocem
836 2379 1069 2455 miserabiliter,
1085 2391 1118 2443 et
1136 2402 1209 2443 cnm
1225 2401 1305 2463 quo-

350 2480 425 2545 dam
439 2480 562 2566 ejulatu
583 2482 743 2559 emittens,
758 2503 816 2566 per
831 2481 957 2566 singula
978 2502 1069 2566 paene
1081 2482 1216 2544 *verbera
1230 2503 1304 2565 pro-

351 2582 486 2657 ferebat,
516 2581 636 2646 addens
666 2582 762 2646 etiam
792 2582 862 2661 hoc,
891 2605 952 2661 vae,
982 2605 1031 2647 vae
1061 2582 1303 2668 Hierosolymis.

354 2685 564 2770 Prosequitur
586 2696 620 2746 et
649 2682 737 2745 aliud
763 2681 848 2744 idem
876 2681 1162 2766 historiographus,
1186 2683 1305 2767 majore

353 2798 480 2868 gestum
495 2782 658 2863 miraculo,
674 2782 782 2848 dicens
801 2782 966 2846 oraculum
984 2782 1146 2868 quoddam
1162 2783 1195 2847 in
1211 2782 1306 2846 sacris

355 2885 453 2950 literis
467 2898 642 2971 repertum,
655 2882 745 2971 quod
759 2905 817 2970 per
836 2884 920 2947 idem
942 2898 1069 2971 tempus
1084 2885 1188 2949 virum
1203 2885 1306 2967 desig-

304 3013 310 3024 ·
354 2999 445 3051 naret
459 3010 499 3050 ex
515 3010 625 3051 eorum
640 2986 770 3072 regione
790 3007 1020 3071 processurum,
1037 2987 1092 3072 qui
1107 2987 1206 3051 totius
1220 2987 1306 3051 orbis

354 3089 514 3174 potiretur
536 3088 682 3174 imperio.
728 3088 831 3172 Cujus
852 3088 972 3151 oraculi
995 3089 1198 3174 praesagium,
1221 3089 1304 3154 idem

355 3190 631 3276 historiographus
661 3189 890 3275 Vespasianum
928 3189 1087 3254 declarare
1116 3193 1305 3278 suspicatur.

356 3292 419 3356 Sed
436 3292 648 3379 Vespasianus
671 3314 733 3356 non
757 3291 838 3370 aliis,
859 3315 955 3377 quam
978 3292 1041 3356 illis
1064 3293 1136 3358 solis
1157 3295 1308 3379 gentibus

356 3418 430 3481 quae
445 3397 590 3459 Romano
607 3394 747 3480 Imperio
757 3394 949 3458 videbantur
964 3395 1113 3476 subditae,
1124 3395 1307 3461 dominatus

354 3511 415 3560 est.
460 3496 557 3559 Unde
575 3497 697 3582 justius
719 3495 759 3559 ad
784 3495 948 3561 Christum
972 3497 1040 3561 haec
1062 3519 1212 3583 responsa
1225 3498 1306 3561 rele-

356 3609 484 3672 runtur,
500 3597 541 3660 ad
557 3621 651 3682 quem
667 3598 749 3662 dixit
765 3611 872 3683 pater:
899 3600 977 3662 Pete
992 3623 1011 3662 a
1026 3623 1087 3678 me,
1102 3612 1134 3663 et
1148 3600 1233 3663 dabo
1248 3601 1307 3664 tibi

355 3711 478 3783 gentes,
494 3698 703 3763 hereditatem
725 3713 825 3778 tuam,
840 3711 871 3763 et
894 3701 1121 3785 possessionem
1141 3714 1228 3765 tuam
1246 3714 1308 3765 ter-

355 3803 458 3864 minos
479 3813 582 3865 terrae.
629 3801 675 3863 Et
695 3801 788 3885 cujus
810 3800 972 3885 peridem
993 3813 1132 3886 tempuS,
1147 3823 1204 3887 per
1220 3804 1309 3888 Apo-

356 3901 454 3966 stolos
469 3925 554 3978 suos,
570 3903 602 3966 in
626 3924 751 3986 omnem
775 3914 891 3966 terram
913 3902 1014 3967 exivit
1030 3925 1126 3967 sonus
1139 3925 1260 3982 eornm,
1275 3916 1308 3968 et

357 4005 391 4068 in
406 4004 484 4070 fines
498 4005 585 4070 orbis
601 4016 694 4070 terrae
710 4005 807 4068 verba
821 4026 938 4068 eorum.
