3575 5575
485 782 526 839 44
750 790 886 869 rossum
904 785 1181 833 ssausaaurnusrs
1313 765 1398 839 [tm.
1415 784 1440 833 1.

483 942 609 1007 inimica
626 944 668 1008 sit
685 943 810 1014 animm,
825 951 857 1003 et
877 920 1101 1001 de'domicilio
1117 935 1188 1020 ejus
1206 932 1315 999 omnia
1328 932 1434 1000 studia

483 1044 612 1110 virtutis
625 1043 775 1109 eliminet.
814 1037 1129 1144 ClamatAElfim,

588 1177 681 1231 Cernis
691 1182 721 1230 ut
732 1178 855 1245 ignavum
866 1176 1029 1245 corrumpant
1040 1171 1095 1225 otiu
1105 1186 1205 1241 corpus,

623 1263 660 1315 Et
672 1263 775 1334 capiunt
786 1260 884 1324 vitium,
896 1260 924 1311 ni
934 1262 1095 1320 moveantur,
1106 1256 1198 1325 uque?

484 1380 601 1460 Quod?
623 1380 740 1467 inquis.
777 1378 877 1443 Audi.
915 1377 1028 1443 Disces
1043 1376 1068 1440 si
1084 1374 1185 1439 eidem
1201 1372 1380 1440 credideris,

587 1512 716 1576 Quaeritur
727 1509 865 1578 AEgisshus
876 1526 954 1580 quare
965 1508 999 1560 sit
1009 1505 1093 1560 factus
1104 1505 1220 1571 adulter„

622 1598 710 1652 Causa
721 1602 761 1653 est
772 1598 799 1648 in
811 1602 938 1674 promptu,
950 1594 1094 1646 desidiosus
1105 1596 1170 1647 erat.

480 1716 701 1784 Literatissimi
726 1739 805 1801 ergo
828 1714 887 1778 riri
913 1712 1079 1778 consilium
1105 1725 1174 1785 est;
1209 1725 1247 1777 ut
1272 1710 1371 1777 bostis
1397 1723 1434 1778 te

480 1841 602 1905 semper
621 1819 762 1885 inveniat
781 1829 985 1902 occupatum,
1001 1837 1067 1900 quo
1090 1815 1184 1880 variis
1199 1813 1430 1881 tentationibus

479 1922 560 2006 ejus,
587 1920 832 2006 occupationum
869 1931 996 1983 tuarum
1027 1916 1156 2004 clypeos
1185 1929 1249 1980 tam
1284 1914 1432 1987 feliciter,

480 2042 575 2107 quam
591 2018 767 2108 prudenter
781 2040 932 2104 opponas.

620 2153 738 2207 Vitanda
748 2158 797 2218 est,
810 2150 1152 2243 iuquitE‘tbiwjmprobu
1163 2153 1239 2205 Siren

585 2238 706 2292 Desidia.
886 2242 896 2249 ’“

479 2363 522 2424 At
548 2382 616 2425 eam
644 2358 758 2424 uostris
787 2372 961 2446 prorogant
990 2357 1168 2427 histriones.
1210 2359 1428 2444 Exoccupatis

478 2459 592 2524 etenim
613 2460 774 2525 mentibus
788 2475 959 2548 surrepunt
981 2460 1089 2540 taedia,
1104 2482 1234 2545 seseque
1253 2482 1315 2524 nou
1332 2458 1426 2524 susti·

477 2572 599 2640 nerent,
613 2560 638 2624 si
654 2583 715 2624 non
731 2560 866 2647 alicujus
883 2559 1057 2647 voluptatis
1076 2560 1187 2626 solatio
1202 2559 1426 2624 mulcerentur.

476 2661 623 2727 Admissa
650 2676 725 2729 sunt
754 2686 831 2749 ergo
855 2662 1034 2750 spectacula
1058 2676 1091 2728 et
1119 2661 1243 2727 infinita
1273 2658 1427 2747 tyrocinia

475 2764 636 2842 vanitatis,
665 2765 785 2852 quibus
818 2764 876 2855 qui
905 2765 1035 2832 omnino
1067 2764 1161 2832 otiari
1190 2787 1253 2831 uon
1283 2774 1425 2851 possunt,

474 2867 679 2952 perniciosius
700 2884 907 2956 occupentur.
947 2870 1054 2934 Satius
1077 2872 1160 2935 euim
1187 2869 1292 2934 iuerat
1317 2866 1423 2943 otiari,

475 2989 569 3051 quam
584 2967 720 3053 turpiter
730 2970 890 3052 occupari.
923 2968 1010 3032 Hinc
1022 2969 1119 3044 mimi,
1130 2970 1210 3045 salii,
1224 2969 1272 3034 vel
1284 2968 1427 3045 saliares,

473 3066 664 3148 balatrones,
675 3065 834 3146 aemiliani,
848 3067 1052 3150 gladiatores,
1064 3068 1255 3152 palaestritae,
1270 3069 1426 3154 gignadii,

473 3169 734 3256 praestigiatores,
748 3167 881 3232 malefici
899 3191 1031 3254 quoque
1052 3168 1156 3245 multi,
1170 3181 1202 3233 et
1219 3183 1287 3234 tota
1302 3171 1424 3255 jocula-

473 3282 579 3336 torum
596 3292 688 3336 scena
706 3269 859 3356 procedit.
900 3271 1045 3348 Quorum
1069 3269 1149 3334 adeo
1169 3292 1257 3334 error
1276 3269 1423 3349 invaluit,

473 3384 510 3436 ut
533 3394 552 3434 a
567 3369 727 3457 praeclaris
749 3370 897 3436 domibus
912 3394 973 3434 uon
992 3384 1169 3447 arceantur,
1186 3370 1281 3436 etiam
1304 3371 1350 3436 illi
1365 3375 1423 3459 qui

472 3473 616 3537 obscenis
635 3472 781 3557 partibus
799 3477 950 3559 corporis,
966 3472 1065 3538 oculis
1083 3475 1223 3540 omnium
1247 3497 1314 3538 eam
1334 3474 1422 3559 inge·

472 3589 547 3640 runt
558 3575 803 3661 turpitudinem,
812 3598 907 3662 quam
918 3576 1082 3642 erubescat
1094 3577 1200 3641 videre
1210 3578 1258 3642 rel
1269 3579 1420 3664 Cynicus.

471 3677 632 3764 Quodque
653 3678 753 3764 magis
776 3679 899 3759 mirere,
915 3700 973 3742 nec
995 3691 1071 3743 tunc
1091 3679 1272 3765 ejiciuntur,
1289 3680 1420 3766 quaudo

470 3779 704 3845 tumultuantes
719 3779 852 3845 inferius
866 3781 977 3844 crebro
997 3782 1102 3847 sonitu
1118 3805 1220 3846 aerem
1236 3781 1371 3857 foedant,
1387 3793 1420 3844 et

470 3882 607 3968 turpiter
632 3882 803 3961 inclusum,
827 3882 956 3969 turpius
978 3883 1128 3970 produnt.
1175 3882 1333 3968 Nunquid
1361 3881 1419 3946 tibi
1531 3955 1537 3965 ι

471 3982 598 4047 videtur
612 3983 747 4068 sepiens,
761 3986 818 4070 qui
840 3985 961 4062 oculos,
978 3987 1027 4049 vel
1047 4009 1138 4051 sures
1152 3985 1222 4050 istis
1241 3983 1419 4069 expandit?

471 4083 552 4157 Quis
564 4095 667 4147 tamen
681 4084 815 4150 libenter
826 4110 887 4151 non
901 4089 1008 4152 videat
1020 4103 1051 4152 et
1062 4087 1174 4166 rideat,
1186 4108 1284 4171 quum
1298 4084 1421 4170 praesti-

469 4180 600 4266 giatoris
610 4182 687 4247 lotio
698 4184 818 4270 perfusi
830 4207 882 4251 ars
893 4186 1029 4262 deletur,
1041 4199 1073 4251 et
1084 4185 1195 4261 oculis,
1202 4203 1286 4270 quos
1298 4183 1418 4248 malitia

470 4305 526 4349 sua
552 4285 802 4370 praestrinxerat,
828 4286 957 4351 videndi
984 4286 1120 4352 facultas
1142 4289 1329 4373 reparaturi
1359 4290 1420 4354 Ju-

468 4386 608 4452 cundum
624 4387 752 4472 quidem
769 4402 828 4466 est,
845 4399 876 4451 et
891 4389 932 4452 ab
947 4390 1079 4453 honesto
1095 4411 1155 4452 nou
1172 4389 1300 4471 recedit,
1313 4390 1415 4456 virum
