3575 5575
500 813 564 876 300
748 826 885 872 insutus
902 821 1181 870 sannsnnnrnusrs
1321 801 1402 880 [mn.
1419 805 1457 866 v.'

504 981 634 1060 tutiora,
655 991 687 1045 et
713 978 770 1054 eis,
794 975 882 1062 quod
904 997 1029 1040 necesse
1052 985 1112 1051 est,
1133 970 1301 1048 ministrat,
1319 995 1377 1037 nec
1397 997 1454 1039 un-

504 1105 601 1170 quam
628 1081 694 1145 sine
719 1078 830 1143 salutis
859 1099 925 1142 suae
955 1073 1133 1160 dispendio,
1159 1071 1371 1138 exterioribus
1398 1097 1453 1138 ex-

504 1195 679 1272 ponuntur.
724 1183 860 1266 Oportet
879 1191 986 1243 autem
1003 1176 1035 1239 in
1051 1174 1217 1260 republica
1232 1175 1313 1239 hanc
1328 1188 1453 1242 naturae

502 1285 625 1372 opificis
639 1282 757 1348 servari
768 1281 950 1365 imaginem,
961 1292 994 1343 et
1005 1279 1056 1342 his
1069 1276 1313 1342 necessariorum
1329 1279 1450 1364 copiam

505 1387 545 1451 de
560 1385 690 1472 publico
704 1381 886 1447 ministrari.

508 1661 586 1744 Cap.
607 1664 656 1722 10.
679 1660 732 1722 De
746 1657 903 1721 luteribus
917 1661 1120 1738 potestatum,
1136 1674 1272 1736 quorum
1285 1658 1457 1720 necessitas

549 1763 707 1844 resplende
722 1767 779 1834 est,
795 1760 922 1822 matitia
936 1758 1154 1841 reprimendo,
1168 1757 1261 1838 [etde
1275 1759 1456 1838 considente,

549 1883 683 1944 quorum
703 1863 820 1942 lingue
841 1860 1029 1940 damnffi'ca,
1052 1859 1117 1920 nisi
1135 1857 1276 1940 senibus
1296 1861 1457 1939 argenteis

549 1967 659 2027 cincta
674 1965 796 2045 suerit,
818 1962 857 2024 de
877 1980 1049 2024 munerum
1071 1960 1297 2041 acceptoribus,
1318 1966 1350 2022 et
1372 1961 1458 2041 quod

550 2085 670 2128 munus
688 2072 736 2126 est
749 2087 770 2126 a
785 2083 898 2138 manu,
913 2085 934 2126 a
949 2083 1060 2137 causa,
1076 2085 1097 2126 a
1113 2068 1263 2144 tempore,
1277 2084 1299 2126 c
1319 2063 1393 2138 loco,
1408 2064 1457 2126 vet

551 2166 668 2245 modo]

553 2299 621 2362 Suu
646 2309 679 2360 et
704 2297 737 2360 in
763 2295 926 2374 lateribus,
950 2295 1000 2359 his
1026 2293 1144 2361 scilicet
1173 2296 1230 2381 qui
1262 2295 1456 2380 principibus

508 2399 623 2464 debent
646 2396 801 2472 assistere,
825 2395 894 2462 hacc
917 2409 1040 2461 naturae
1064 2395 1203 2459 formula
1224 2396 1377 2459 servanda
1399 2410 1454 2459 est.

510 2505 645 2566 Constat
661 2499 743 2563 enim
761 2502 838 2582 quis
852 2521 871 2560 a
885 2502 1032 2562 convictu
1052 2520 1153 2561 mores
1167 2497 1356 2562 formantur.
1395 2497 1458 2574 Qui

507 2600 609 2687 tangit
625 2600 727 2687 picem
741 2599 963 2686 inquinabitur
977 2600 1018 2663 ab
1032 2621 1079 2675 ea,

614 2717 725 2787 [ivoque
736 2722 855 2770 contecto
865 2716 973 2770 livorem
985 2716 1056 2770 ducit
1066 2716 1099 2768 ab
1111 2734 1170 2768 ura.

510 2828 579 2889 Nec
591 2822 678 2887 domi
689 2820 816 2886 illorum
828 2821 988 2905 justitiam
1002 2842 1068 2885 esse
1078 2820 1199 2897 credas,
1211 2833 1268 2886 ant
1281 2822 1459 2897 veritatem,

508 2939 565 2989 aut
591 2924 754 3009 pietatem,
776 2922 862 3009 apud
888 2946 971 3008 quos
997 2922 1085 2987 vides
1106 2924 1213 2987 omnia
1234 2946 1301 2987 esse
1325 2923 1458 2989 venalia.

510 3027 660 3091 Christus
674 3027 742 3111 ipse
754 3026 903 3090 exclusus
917 3037 976 3103 est,
988 3038 1020 3089 et
1036 3024 1061 3089 si
1076 3026 1183 3111 pulsat
1198 3025 1239 3090 ad
1254 3025 1384 3103 ostium,
1396 3049 1458 3090 non

510 3127 653 3213 aperitur
668 3126 707 3201 ei,
724 3125 855 3210 fugiunt
876 3139 907 3190 et
930 3126 1043 3209 sugant
1059 3125 1206 3210 gratiam,
1221 3130 1278 3213 qui
1298 3127 1404 3190 omnia
1419 3124 1459 3189 ad

509 3232 659 3316 pretium,
668 3242 698 3294 et
714 3229 814 3314 gratis
826 3228 948 3293 faciunt
964 3228 1052 3293 nihil.
1089 3228 1123 3294 Si
1136 3251 1244 3314 preces
1258 3227 1460 3313 porrigendae

509 3343 596 3406 sunt,
619 3333 644 3395 si
667 3353 760 3395 causa
786 3329 1007 3411 examinanda,
1029 3330 1055 3395 si
1077 3330 1254 3395 executioni
1280 3330 1461 3395 mandanda

509 3429 676 3507 sententia,
691 3430 716 3493 si
736 3430 931 3494 conficienda
951 3431 1069 3509 cautio,
1085 3435 1192 3497 omnia
1212 3454 1362 3497 nummus
1382 3431 1461 3517 agit,

510 3529 626 3595 veritas
640 3552 724 3595 caeca
737 3541 797 3607 est,
815 3529 915 3615 pietas
931 3553 1053 3612 manca,
1068 3532 1145 3597 dum

614 3650 746 3713 Quantum
757 3648 864 3717 quisque
875 3665 923 3701 sua
934 3666 1095 3703 nummorum
1107 3657 1192 3704 servat
1204 3652 1230 3703 in
1242 3669 1310 3717 moa,

617 3734 734 3789 Tantum
746 3735 827 3789 habet
838 3740 866 3789 et
876 3734 949 3789 ndei.
960 3766 1032 3778 -

802 3852 870 3863 -—
884 3824 1058 3875 Contemnere
1069 3820 1178 3875 t‘nlminn
1189 3841 1285 3895 pauper

619 3909 742 3961 Creditur
753 3914 832 3978 atque
844 3909 916 3973 deos,
930 3908 981 3961 diis
991 3909 1186 3977 ignoscentibus
1197 3910 1268 3982 ipsis.

515 4013 579 4087 Qui
594 4012 773 4097 corruptior
787 4012 940 4090 moribus,
952 4026 983 4077 et
999 4014 1252 4099 corrumpentior
1267 4012 1461 4094 muneribus,

514 4110 600 4196 apud
615 4112 692 4175 istos
706 4113 828 4177 beatior
842 4128 900 4177 est.
939 4117 972 4177 Si
993 4115 1174 4202 principum
1189 4138 1302 4180 manus
1317 4114 1462 4193 evaseris,

512 4212 643 4300 grandis
668 4213 725 4276 tibi
749 4225 847 4278 restat
873 4215 936 4291 via,
959 4231 1057 4327 arctp
1080 4232 1113 4283 et
1139 4218 1261 4284 ardua:
1292 4230 1461 4303 antequam

515 4330 650 4381 tortores
664 4329 822 4379 extremos
842 4315 987 4401 effugias,
1003 4320 1183 4385 sudandum
1200 4338 1246 4384 est
1263 4320 1331 4385 tibi.
1379 4321 1463 4383 Ecce

514 4420 724 4484 instrumenta
746 4432 801 4482 tua
823 4418 949 4484 conficit
974 4422 1101 4501 Cossus,
1124 4422 1150 4486 si
1173 4445 1245 4487 cunr
1269 4422 1406 4488 salutare
1430 4420 1465 4483 li-
