3575 5575
487 797 528 857 86
757 807 893 854 Joaunrs
908 807 1187 853 saunsnnrunusrs
1307 790 1390 870 [arn.
1407 811 1444 855 n.

491 985 590 1047 quam
614 960 796 1027 daemonum
824 970 919 1036 nutu,
943 958 1049 1024 sedem
1077 959 1200 1037 statuit,
1221 969 1253 1024 et
1275 974 1446 1027 sementem

492 1064 629 1133 Romani
643 1061 778 1147 generis,
794 1064 826 1125 in
842 1062 937 1126 horto
952 1059 1010 1147 qui
1024 1059 1071 1124 cis
1088 1061 1335 1147 complacuerat,
1351 1065 1446 1130 semi·

490 1169 588 1232 navit.
635 1161 725 1237 Quid
752 1162 835 1226 enim
862 1160 948 1226 aliud
975 1161 1096 1246 agitio
1121 1166 1237 1228 somnis
1259 1176 1351 1250 pater
1375 1167 1444 1230 Au-

490 1268 601 1346 chises,
627 1264 707 1352 quid
735 1265 876 1349 Jupiter,
902 1262 981 1350 quid
1008 1263 1136 1350 Apollo,
1163 1264 1243 1351 quid
1273 1265 1338 1347 alii,
1363 1290 1444 1353 quos

489 1369 621 1453 longum
637 1381 686 1433 est
708 1365 865 1430 recitare?
904 1363 1001 1428 Unde
1022 1364 1048 1428 si
1069 1363 1110 1428 de
1131 1364 1248 1428 semine
1268 1364 1323 1429 illo
1344 1388 1446 1448 genus

489 1471 593 1534 oritur
616 1468 802 1542 toxicatum,
826 1465 961 1552 impium
985 1464 1018 1528 in
1042 1469 1160 1543 Deum,
1182 1467 1311 1532 crudele
1334 1467 1367 1531 in
1390 1468 1446 1534 ho·

488 1576 597 1649 mines,
619 1570 833 1656 persecutioni
859 1582 1041 1633 sanctorum
1067 1568 1251 1653 invigilans,
1272 1569 1336 1634 fide
1361 1593 1444 1647 rara,

488 1673 629 1739 sollemni
645 1669 790 1758 perfidia,
802 1669 915 1735 servile
927 1669 1082 1746 moribus,
1094 1670 1179 1735 fastu
1195 1671 1311 1756 regale,
1322 1672 1443 1736 foedum

487 1776 632 1850 avaritia,
662 1772 896 1860 cupiditatibus
924 1771 1059 1855 insigne,
1093 1772 1244 1856 superbia
1272 1773 1442 1852 tumidum,

489 1875 670 1940 omnimoda
704 1873 846 1958 nequitia
882 1894 945 1935 non
981 1871 1160 1952 ferendum,
1189 1875 1348 1940 miraculis
1380 1898 1443 1940 non

489 1977 584 2042 debet
604 1975 756 2048 adscribi,
788 1996 889 2062 quum
906 1986 1018 2041 auctor
1038 1996 1147 2038 eorum
1164 1974 1323 2040 homicida
1344 1976 1442 2041 fuerit

490 2080 531 2144 ab
551 2079 656 2155 initio,
675 2092 705 2142 et
731 2102 750 2144 a
764 2080 900 2144 veritate
914 2076 1073 2158 deficiens,
1088 2076 1219 2142 invidioe
1234 2079 1356 2166 spiculo
1375 2080 1445 2145 orbi

489 2195 644 2246 terrarum
668 2180 808 2246 infixerit
832 2192 977 2244 mortem.
1023 2178 1091 2253 Qui
1116 2203 1193 2266 ergo
1219 2204 1259 2245 ex
1286 2205 1325 2245 eo
1350 2194 1442 2269 patre

489 2297 573 2362 sunt,
599 2283 658 2348 etsi
685 2283 754 2369 ejus
781 2296 941 2369 nequeant
965 2281 1098 2370 implere
1124 2305 1317 2365 mensuram,
1342 2285 1443 2348 solent

490 2400 593 2450 tumen
610 2385 696 2449 illius
710 2383 829 2448 imitari
846 2384 1017 2449 malitiam:
1038 2384 1112 2450 licet
1133 2387 1165 2448 in
1182 2384 1275 2450 horto
1296 2386 1350 2450 illo
1364 2409 1442 2450 non-

487 2487 591 2551 nullas
606 2487 741 2572 plantas,
758 2509 829 2571 quae
854 2486 983 2551 virtutis
997 2486 1140 2551 fructum
1156 2485 1338 2570 i1rigatione
1354 2490 1443 2574 Apo-

487 2588 596 2656 stolica
608 2589 742 2664 iaciunt,
756 2610 850 2653 manu
864 2586 985 2657 domini
994 2599 1117 2652 constet
1129 2610 1196 2650 esse
1209 2591 1350 2654 insertas.
1379 2591 1443 2654 Sed

485 2693 510 2758 si
520 2696 594 2779 quis
604 2693 644 2756 ab
656 2691 748 2756 initio
758 2691 847 2756 urbis
855 2690 993 2757 conditae
1006 2701 1106 2756 totam
1116 2691 1257 2756 revolvat
1265 2690 1441 2770 historiam,

486 2819 539 2859 eos
550 2796 724 2860 ambitione
735 2807 767 2859 et
779 2794 913 2860 avaritia
924 2817 992 2880 prae
1003 2797 1127 2858 caeteris
1141 2794 1292 2879 gentibus
1302 2794 1441 2860 inveniet

484 2896 655 2973 laborasse,
671 2910 703 2961 et
720 2898 814 2961 variis
834 2896 1044 2962 seditionibus
1064 2909 1096 2961 et
1116 2896 1220 2982 plagis
1241 2910 1345 2962 totum
1368 2921 1442 2962 con-

486 2998 619 3064 cussisse
635 2998 755 3061 orbem.
797 2999 865 3084 Ipsi
876 3021 1005 3085 quoque
1017 2998 1197 3084 tyrannidis
1208 3013 1240 3064 et
1250 2999 1440 3065 seditionum

487 3123 628 3179 suarum,
641 3112 705 3164 tam
718 3098 828 3163 crebra
840 3101 959 3165 damna
968 3114 1143 3181 senserunt,
1153 3115 1190 3166 ut
1202 3104 1258 3167 vix
1269 3103 1438 3190 quisquam
1472 3131 1475 3137 ·

484 3203 664 3291 principum
693 3225 801 3267 eorum
825 3201 865 3266 ad
890 3204 1013 3268 exitum
1041 3204 1128 3283 vitae,
1149 3216 1266 3269 natura
1291 3206 1439 3282 ducente,

485 3304 674 3390 pervenerit.
720 3303 818 3367 Unde
837 3316 869 3368 et
889 3302 969 3369 illud
987 3304 1182 3390 Satyricum,
1198 3304 1263 3371 illis
1278 3306 1440 3393 aptissime

483 3406 577 3470 facit:

588 3514 633 3567 Ad
643 3531 769 3581 generum
782 3514 895 3576 Cereris,
906 3516 964 3569 sine
975 3516 1047 3568 caede
1058 3521 1086 3568 et
1096 3517 1233 3583 sanguine,
1244 3518 1320 3588 pauci

588 3598 757 3651 Descendunt
767 3615 853 3666 rages,
867 3605 894 3653 et
905 3600 973 3651 sicca
984 3607 1069 3653 morte
1081 3602 1193 3669 manni.

481 3699 519 3759 Iu
543 3692 710 3780 scripturis
732 3714 862 3779 quoque
884 3694 1043 3759 canonicis
1065 3695 1275 3762 inveniuntur
1300 3697 1438 3783 plurima

480 3795 609 3861 oracula
622 3821 629 3861 ε
655 3806 692 3859 ut
708 3816 807 3881 quum
823 3794 943 3881 Josepb
959 3798 990 3859 in
1007 3796 1126 3861 somnis
1140 3797 1180 3862 ab
1196 3798 1309 3882 angelo
1323 3798 1440 3884 saepius

479 3895 641 3960 eruditur:
666 3896 774 3980 Magis
785 3895 1000 3976 interdicitur,
1009 3919 1049 3961 ne
1060 3896 1241 3961 redeantad
1256 3895 1435 3961 Herodem:

478 3997 610 4060 docetur
625 3999 741 4061 Petrus
762 3998 794 4061 in
818 3997 979 4085 reptilium
994 3998 1188 4077 linteamine,
1202 3996 1433 4083 plenitudinem

477 4100 621 4188 gentium
634 4098 854 4185 colligendam.
892 4105 938 4168 Et
953 4125 1053 4189 quum
1070 4102 1199 4165 visitato
1213 4102 1254 4165 ab
1270 4103 1437 4187 Apostolis

476 4200 697 4279 Constantino,
714 4204 816 4267 crucis
836 4216 976 4269 erectum
999 4217 1047 4268 est
1067 4202 1099 4267 in
1119 4204 1246 4289 imperii
1267 4227 1339 4269 arce
1357 4229 1434 4271 vex-

472 4307 575 4387 illum,
587 4316 618 4369 et
630 4325 706 4390 pace
719 4303 856 4371 ecclesiis
868 4305 1027 4384 restituta,
1040 4307 1190 4393 majestas
1202 4306 1289 4370 orbis
1300 4306 1432 4393 publica

471 4434 547 4475 voce
566 4406 810 4488 scriniariorum,
825 4408 1054 4474 advocatorum
1075 4423 1106 4475 et
1125 4409 1287 4496 judicum,
1302 4434 1428 4477 ornnem
