3575 5575
309 303 682 532 aaa

495 822 556 880 100
727 830 864 876 scansis
879 830 1159 876 saassnsarsnsrs
1311 811 1392 890 [ms.
1408 824 1446 876 rt.

494 983 601 1048 dinem
624 992 761 1049 teneant.
805 983 973 1068 Utrosque
994 985 1148 1045 alterutra
1165 979 1354 1090 Q
1374 1002 1446 1044 eru-

495 1085 625 1151 ditionis
651 1107 717 1150 suae
743 1085 856 1170 recipit
882 1084 1084 1168 professores.
1131 1084 1213 1145 Sunt
1240 1082 1304 1161 alii,
1331 1085 1387 1166 qui
1413 1082 1445 1144 in

495 1183 688 1271 professione
710 1197 867 1248 astrorum
896 1182 1023 1246 veritati
1049 1181 1179 1268 quidem
1207 1181 1386 1265 invigilant,
1409 1205 1448 1245 eo

498 1285 566 1349 solo
591 1285 744 1359 contenti,
772 1284 797 1347 si
825 1283 1013 1369 positionem
1042 1304 1162 1361 veram,
1189 1294 1378 1367 motumque
1407 1285 1447 1345 si·

497 1386 622 1465 derum,
638 1387 856 1473 rationemque
871 1385 1032 1469 signorum
1048 1382 1200 1447 vivaciter
1214 1396 1436 1467 assequuntur.

497 1664 578 1746 Cap.
596 1666 644 1724 19.
667 1661 720 1724 Dc
742 1662 924 1747 differentia
944 1659 1191 1721 Mathematicae
1209 1656 1405 1732 doctrinalis,
1420 1664 1452 1720 ct

540 1767 691 1828 mathesis
704 1764 892 1846 reprobate,
905 1770 935 1826 et
946 1763 1121 1826 traditione
1135 1763 1449 1838 Mathematicnram,

541 1874 572 1930 ct
586 1866 746 1929 erroribus
760 1884 880 1928 cor-um.

544 2003 682 2073 Vanum,
698 1995 774 2083 quia
788 1995 953 2080 probabile
968 2007 1026 2076 est,
1036 1995 1215 2061 coelestium
1231 1995 1369 2081 aliquam
1384 2019 1451 2060 esse

501 2097 663 2172 virtutem,
680 2117 781 2181 quum
794 2107 825 2158 et
841 2095 873 2158 in
890 2107 974 2158 terra
990 2118 1051 2158 non
1062 2095 1212 2161 credatur
1222 2095 1343 2182 aliquid
1352 2097 1453 2182 gigni,

500 2197 589 2285 quod
612 2221 631 2261 a
651 2219 746 2260 uranu
767 2196 889 2281 opificis
910 2197 982 2270 Dei,
998 2197 1119 2260 bonnm
1140 2197 1279 2283 aliquem
1301 2220 1364 2260 non
1385 2220 1454 2262 sor·

500 2303 601 2365 tiatur
615 2299 774 2364 effectum.
821 2299 883 2376 Qui
904 2298 1091 2362 curiosiores
1106 2312 1190 2377 sunt,
1207 2299 1381 2364 coelestium
1397 2323 1454 2386 po-

500 2401 635 2466 tentiam
653 2401 856 2485 investigant,
873 2416 905 2465 et
925 2400 966 2462 de
981 2400 1124 2485 singulis,
1139 2425 1214 2486 quse
1233 2401 1454 2466 in‘sublunari

500 2503 600 2589 globo
615 2501 819 2588 proveniunt,
836 2505 1048 2567 Astronomiae
1067 2525 1132 2567 suae
1152 2502 1285 2587 regulis,
1308 2503 1455 2567 nituntur

502 2604 636 2668 reddere
649 2603 813 2668 rationem.
859 2605 921 2668 Est
935 2615 1043 2667 autern
1060 2602 1273 2704 Q
1288 2603 1402 2668 nobilis
1421 2618 1454 2668 et

503 2706 639 2793 gloriosa
649 2703 787 2785 scientia,
797 2706 822 2770 si
835 2706 1013 2770 clientelam
1027 2729 1128 2785 suam,
1137 2707 1220 2771 intra
1230 2707 1454 2772 moderationis

502 2824 603 2875 metas
625 2810 782 2887 cohibeat,
805 2833 901 2896 quam
926 2810 951 2873 si
976 2810 1133 2874 licentiori
1156 2812 1296 2875 vanitate
1318 2811 1457 2890 excedit,

503 2935 566 2976 non
579 2925 643 2976 tam
656 2905 865 2998 philosophia
876 2914 1006 2998 species,
1017 2936 1114 2999 quarn
1128 2913 1300 2999 impietatis
1311 2912 1457 2999 decipula

504 3028 563 3078 est.
607 3014 652 3077 Et
675 3013 805 3099 quidem
833 3013 936 3078 multa
961 3029 1037 3079 sunt
1062 3016 1198 3079 mathesi
1224 3016 1404 3095 doctrinali,
1425 3026 1458 3077 et

505 3116 706 3181 divinatoriae
735 3115 869 3180 mathesi
900 3118 1091 3195 communia,
1117 3117 1173 3181 sed
1200 3116 1276 3180 dum
1304 3117 1458 3181 divinatio

505 3216 684 3281 sobrietatis
699 3239 876 3281 mensuram
899 3217 1034 3290 excedit,
1052 3231 1121 3283 toto
1136 3216 1293 3281 dissidens
1314 3218 1377 3280 fine
1396 3238 1458 3280 non

506 3319 649 3395 instruit,
663 3317 718 3381 sed
734 3341 825 3381 suum
843 3317 976 3382 dedocet
992 3318 1211 3403 professorem.
1256 3318 1353 3391 Quod
1374 3317 1458 3380 enim

508 3434 604 3481 nonas
629 3419 822 3503 partiuntur,
850 3420 1017 3506 parallelos
1043 3420 1275 3500 disterminant,
1300 3443 1371 3484 cum
1399 3418 1461 3483 sin-

508 3518 593 3604 gulis
609 3522 674 3583 suis
688 3520 853 3605 obliquant
867 3522 1045 3598 zodiacum,
1057 3522 1144 3609 qnod
1156 3520 1265 3587 orbem
1277 3522 1343 3586 fere
1355 3536 1458 3587 totum

508 3618 625 3684 coluris
636 3618 779 3704 cingunt,
795 3621 882 3708 quod
908 3622 1044 3687 laborem
1057 3624 1236 3687 metiuntur
1248 3623 1460 3709 planetarum,

509 3722 596 3809 quod
632 3726 786 3808 Apianem
822 3724 941 3790 nullius
970 3724 1085 3787 erroris
1114 3726 1303 3811 participem
1332 3724 1462 3799 iaciunt,

509 3825 638 3911 quoda
659 3826 733 3910 polo
756 3828 884 3904 arctico,
908 3826 949 3889 ad
971 3826 1182 3892 antarcticum
1208 3849 1299 3891 axem
1326 3824 1462 3899 ducunt,

510 3926 597 4011 quod
628 3928 716 4013 signa
747 3953 805 4015 per
834 3928 955 4013 gradus
983 3941 1015 3993 et
1042 3941 1163 4015 puncta
1189 3928 1349 4003 dividunt,
1376 3926 1464 4011 quod

511 4027 680 4092 orientium
702 4042 734 4093 et
754 4031 965 4094 occidentium
991 4032 1164 4113 signorum,
1180 4043 1210 4093 et
1229 4027 1369 4092 siderum
1391 4049 1465 4112 pro·

510 4128 687 4211 portionem
715 4142 834 4209 tenent,
861 4132 992 4216 utrique
1017 4152 1185 4195 commune
1212 4141 1270 4193 est.
1315 4129 1466 4214 Utraque

511 4238 616 4302 tamen
639 4227 672 4289 in
693 4251 730 4291 eo
749 4228 886 4314 physicis
900 4231 1083 4317 acquiescit,
1105 4230 1193 4316 quod
1218 4228 1465 4293 teneritudinem

513 4326 679 4393 subtilium
695 4352 873 4415 corporum,
888 4332 919 4394 in
939 4332 1090 4417 quasdam
1108 4332 1210 4397 sectas
1226 4330 1302 4407 vias,
1317 4340 1350 4392 et
1365 4328 1467 4392 circu·

511 4431 614 4496 lorum
631 4431 883 4518 intracapedines
898 4455 962 4497 non
979 4435 1113 4500 aestimat
1124 4433 1284 4521 dissipari.
1309 4433 1466 4495 Asserunt
