3575 5575
1061 253 1485 498 tiam

309 809 381 854 ear.
397 792 483 870 inu]
676 809 930 855 eonromrrcus.
1222 795 1260 852 81

309 959 460 1026 Ninivitae
497 983 625 1046 quoque
665 961 827 1045 signorum
865 960 1001 1036 indiciis,
1039 959 1258 1046 poenitentiam

307 1073 441 1144 egerunt
463 1061 496 1124 in
519 1061 747 1147 praedicatione
769 1061 872 1124 Jonae.
920 1059 1099 1124 Infidelitas
1120 1082 1260 1145 namque

306 1162 468 1248 signorum
490 1163 686 1247 argumentis
709 1163 861 1248 exigitur,
877 1176 910 1226 et
925 1162 1004 1226 fides
1020 1176 1128 1227 tenera
1142 1161 1260 1225 eisdem

307 1266 488 1327 roboratur.
529 1262 622 1330 Unde
636 1263 729 1342 illud,
741 1263 834 1338 Quod
851 1266 978 1348 signum
993 1263 1134 1328 ostendis
1148 1263 1259 1327 nobis?

307 1379 338 1428 et
355 1364 466 1434 Judaei
482 1365 571 1450 signa
587 1376 748 1451 quaeruut,
765 1364 871 1429 Graeci
889 1365 1087 1451 sapientiam.

410 1693 411 1697 =
453 1659 531 1742 Cap.
551 1663 599 1721 14.
625 1659 712 1732 Quid
725 1659 865 1738 siquam,
882 1664 913 1720 et
927 1657 966 1719 de
979 1659 1107 1719 somnio.

353 1817 422 1878 Hrc
445 1837 519 1878 vero
540 1814 766 1901 intelliguntur
790 1814 890 1898 signa,
916 1836 1118 1900 quaecunque
1145 1819 1259 1901 quovis

309 1914 426 1978 indicio
455 1917 594 1980 divinam
617 1917 739 1981 homini
763 1917 903 1980 innuunt
929 1916 1158 1981 voluntatem
1190 1920 1260 2002 Sig-

307 2037 384 2078 num
408 2015 563 2102 siquidem
586 2029 645 2092 est,
669 2017 756 2101 quod
780 2017 916 2102 seipsum
941 2015 1060 2093 sensui,
1082 2031 1114 2080 et
1141 2031 1258 2103 praeter

309 2139 341 2179 se
364 2117 487 2203 aliquid
517 2117 621 2181 animo
645 2118 794 2182 ostendit.
849 2117 1002 2195 Quaedam
1032 2131 1137 2183 tamen
1168 2121 1260 2205 signa

306 2233 390 2294 suut,
399 2219 773 2306 quaenullieorporalium
784 2242 931 2284 sensuum
943 2220 1258 2306 aliquidosteudunt‚

309 2323 363 2386 sed
379 2323 483 2386 animo
499 2323 720 2408 cujuscunque
740 2323 785 2386 rei
802 2323 905 2407 specie
920 2323 1091 2399 mediante,
1107 2338 1163 2388 aut
1179 2325 1260 2388 eitra

307 2425 404 2489 medii
419 2424 652 2501 difficultatem,
668 2446 778 2488 verum
798 2423 954 2487 falsumve
974 2424 1158 2511 frequenter
1173 2425 1260 2511 inge.

305 2541 392 2593 runt.
443 2529 541 2612 Signa
562 2527 677 2591 etenim
701 2525 862 2590 interdum
885 2549 971 2603 vera,
994 2526 1154 2591 interdum
1178 2527 1259 2591 falsa

306 2644 390 2694 sunt.
436 2630 514 2707 Quis
539 2629 638 2694 nescit
662 2628 854 2692 somniorum
882 2628 986 2691 varias
1011 2651 1078 2690 esse
1102 2629 1258 2713 significa-

305 2733 419 2807 tiones,
435 2753 515 2817 quas
535 2743 567 2795 et
589 2752 665 2793 usus
685 2727 854 2814 approbat,
870 2741 902 2793 et
918 2729 1074 2815 majorum
1089 2731 1257 2795 confirmat

306 2832 501 2896 auctoritas?
541 2832 580 2893 In
596 2830 640 2893 eis
662 2830 776 2917 utique
797 2832 949 2915 quoniam
970 2852 1097 2894 somnus
1111 2832 1259 2919 est„api;

305 2932 401 2997 males
421 2933 568 3009 -virtuteS,
590 2931 708 2997 scilieet
726 2955 846 3008 sensus,
869 2932 923 3017 qui
946 2932 1098 2997 dicuntur
1117 2938 1258 3021 eorporis

300 3004 567 3115 ffdtnffiffi,
582 3036 766 3124 quiescunt3
790 3035 843 3099 sed
861 3035 1021 3100 naturales
1035 3037 1256 3103 intenduntur.

306 3138 473 3225 Contingit
495 3140 621 3203 interim
647 3153 682 3203 ut
706 3140 829 3202 animus
845 3118 1259 3225 effi
1314 3141 1318 3148 '

305 3256 409 3324 vatus,
428 3245 460 3306 in
484 3245 621 3329 seipsum
646 3242 776 3306 liberius
798 3242 918 3321 redeat,
936 3257 966 3307 et
984 3243 1149 3307 veritatem
1173 3267 1257 3308 nunc

305 3366 362 3429 per
378 3344 498 3429 figuras
512 3355 545 3408 et
568 3344 749 3429 aenigmata,
765 3366 850 3406 nune
870 3343 1054 3407 immediata
1068 3344 1147 3408 facie
1163 3344 1257 3408 lieen-

305 3445 369 3510 tius
398 3444 641 3530 contempletur.
687 3443 781 3522 Quod
808 3458 840 3509 et
865 3444 957 3507 illum
983 3468 1045 3509 non
1071 3445 1176 3524 latuit,
1200 3450 1256 3533 qui

305 3547 405 3611 somni
428 3546 602 3632 depingens
623 3559 740 3632 portas,
762 3545 893 3610 alteram
915 3548 1097 3622 eburneam,
1122 3549 1255 3613 alteram

304 3670 449 3715 corneam
460 3648 565 3711 finxit.
605 3649 712 3724 Quum
725 3662 756 3713 et
768 3671 865 3713 cornu
883 3647 923 3713 sit
935 3650 1079 3735 pervium
1093 3650 1186 3725 visui,
1199 3653 1257 3735 qui

303 3775 366 3817 non
396 3752 579 3835 frequenter
606 3764 702 3827 errat,
727 3764 757 3815 et
784 3750 865 3814 ebur
889 3765 1013 3815 naturae
1036 3752 1201 3832 densioris,
1224 3771 1256 3820 et

306 3853 472 3941 usquead
501 3866 674 3917 extremam
702 3851 888 3916 tenuitatem
916 3874 1033 3929 rasum,
1057 3853 1146 3917 nullo
1170 3858 1257 3922 visus

304 3958 447 4022 acumine
476 3968 669 4043 penetretur.
722 3956 794 4018 Hoc
824 3954 955 4041 quidem
984 3955 1145 4034 dentibus,
1175 3959 1255 4025 illud

305 4058 404 4121 oculis
434 4056 609 4122 verioribus
640 4054 773 4120 similius
802 4070 858 4119 est.
906 4055 991 4119 Hinc
1022 4080 1095 4123 vera
1124 4062 1256 4138 somnia,

304 4158 376 4219 binc
391 4158 480 4234 falsa,

511 4276 544 4327 ad
557 4275 650 4329 ooelum
662 4278 770 4330 mittunt
781 4278 909 4329 insomnia
920 4295 1019 4329 manes.

348 4565 418 4609 VOL.
435 4566 485 4608 III.
