3575 5575
721 762 944 812 ENTHETIGUS.

401 911 491 977 Pelle
507 911 636 990 leonina
651 911 703 978 dic
718 911 795 999 quid
811 910 927 981 asellus
941 923 1024 997 agat.

357 1012 442 1091 Quid
456 1014 507 1080 leo
521 1015 600 1079 dum
615 1014 720 1091 servit,
737 1013 816 1101 quid
831 1014 908 1098 agit,
921 1014 1000 1079 dum
1015 1025 1128 1099 regnat
1141 1014 1267 1093 asellus,

398 1117 546 1183 Turturis
560 1117 593 1183 in
609 1118 715 1204 specie
730 1116 864 1203 passeris
878 1127 951 1183 acta
964 1140 1069 1183 canes.

357 1218 446 1293 Quid
460 1220 578 1285 faciant
592 1220 683 1307 pardi
698 1220 815 1300 timidi,
830 1219 1019 1307 leporesque
1032 1219 1173 1305 fugaces,

402 1321 446 1387 Et
460 1344 531 1408 spes
545 1323 687 1391 conversi
702 1345 776 1409 quoe
791 1321 832 1389 sit
845 1322 995 1389 habenda
1008 1322 1086 1408 lupi.

357 1423 447 1499 Quid
461 1446 575 1510 repens
589 1424 716 1494 testudo
731 1436 831 1511 parat,
849 1425 1028 1491 scaraboeua
1043 1436 1184 1503 onustus,

402 1525 533 1611 Curque
548 1524 611 1592 levi
626 1536 741 1591 ventus
754 1524 884 1609 grandia
900 1524 942 1588 ab
957 1524 1060 1589 imbre
1075 1526 1178 1590 cadat.

358 1626 423 1693 Sed
439 1627 515 1713 quia
529 1649 625 1692 nemo
639 1637 743 1713 potest
757 1626 879 1691 cunctis
894 1626 1009 1692 virtute
1023 1627 1162 1711 placere,

403 1727 546 1794 Sufficiat
560 1728 668 1813 paucis
684 1739 717 1793 te
733 1727 888 1812 placuisse
903 1726 1005 1793 bonis.

358 1836 557 1915 Spernantur
572 1830 598 1895 si
612 1829 693 1895 forte
709 1840 774 1893 tuae
789 1828 849 1895 sub
859 1828 971 1916 judice
986 1851 1093 1914 nugae,

402 1932 476 1998 Non
492 1932 532 1997 sit
546 1932 655 2019 iniqua
670 1954 794 2014 manus,
808 1942 864 1997 aut
878 1942 935 1996 tua
948 1931 1059 2017 lingua
1073 1954 1197 2018 procax.

336 2028 341 2039 “
359 2031 479 2097 Libera
493 2032 653 2099 donentur
668 2033 792 2100 cunctis
806 2032 964 2117 suffragia,
980 2044 1076 2120 teque

403 2134 468 2199 Iste
483 2135 605 2201 bonurn
621 2135 717 2213 dicat,
734 2135 821 2199 dicat
834 2146 868 2199 et
881 2135 937 2201 ille
951 2136 1084 2204 malum.

360 2240 395 2304 Si
410 2240 498 2305 locus
512 2252 561 2305 est
574 2240 666 2319 liber,
683 2262 740 2305 cur
754 2262 817 2305 non
833 2239 874 2307 sit
887 2239 990 2306 libera
1003 2241 1138 2327 lingua?

437 2364 511 2409 emo
525 2342 600 2408 satis
615 2342 737 2425 firmus,
751 2364 849 2428 quern
864 2342 945 2409 levia
958 2365 1035 2409 aura
1049 2357 1166 2410 movet.

359 2445 450 2520 Quid
460 2445 579 2511 facient
592 2467 695 2525 enses,
709 2445 734 2511 si
750 2457 783 2511 te
798 2444 876 2510 levis
891 2467 970 2512 aura
984 2447 1157 2512 cruentet?
1285 2486 1297 2499 ·

402 2547 512 2613 Verba
525 2546 658 2634 quidem
674 2569 737 2612 non
753 2559 828 2611 suut
844 2546 986 2624 verbera,
1002 2548 1100 2613 verba
1114 2546 1234 2614 times?

359 2649 559 2733 Linguamm
574 2648 724 2734 strepitus
739 2647 872 2713 solidam
890 2669 953 2711 non
969 2660 1244 2725 transmearem,

401 2748 498 2816 Auris
512 2750 622 2834 inepta
636 2747 741 2826 nimis,
757 2769 855 2835 quem
870 2769 968 2814 sonus
984 2750 1049 2814 urit
1063 2750 1159 2815 iners.

360 2851 522 2916 Exercent
536 2850 590 2914 alii
603 2850 741 2936 linguas,
757 2849 816 2914 tibi
831 2861 943 2935 pareat
955 2851 1059 2928 auris3

403 2952 531 3038 Lingua
546 2951 677 3039 quidem
692 2951 832 3037 prodest,
847 2974 912 3019 non
927 2962 1036 3020 tamen
1051 2976 1128 3020 aure
1143 2954 1253 3040 magis.

360 3054 429 3120 Illis
443 3055 476 3120 in
492 3053 602 3139 lingua
616 3074 708 3120 mens
724 3063 782 3133 est,
798 3052 857 3118 tibi
872 3053 914 3118 sit
928 3056 1030 3120 corin
1044 3078 1130 3122 aure.

402 3157 449 3225 Os
463 3156 609 3244 patulum
625 3156 666 3222 ait
679 3155 736 3238 eis,
751 3156 836 3220 auris
851 3167 963 3241 aperta
977 3157 1046 3223 tibi.

360 3259 465 3328 Obice
480 3258 605 3325 virtutis
621 3259 831 3343 confringitur
846 3259 986 3344 impetus
999 3260 1073 3343 oria,

404 3362 449 3428 Et
462 3362 582 3448 linguoe
596 3361 726 3428 stimulo
740 3383 832 3427 mens
846 3361 1010 3428 malesana
1024 3364 1116 3450 perit.
1132 3375 1138 3383 '

361 3463 478 3541 Nemo,
495 3462 554 3528 nisi
570 3484 679 3543 vanus,
694 3461 773 3528 falso
787 3462 916 3530 laetatur
928 3463 1061 3544 honore,

405 3566 541 3630 Conscia
555 3587 647 3630 mens
662 3564 777 3650 cuiun,
793 3587 891 3652 quern
907 3566 992 3632 mala
1005 3567 1092 3635 dicte
1106 3580 1246 3635 movent.

363 3667 464 3732 Frons
478 3666 648 3732 &amante
663 3667 722 3732 tibi
737 3667 777 3732 sit
791 3668 911 3748 durior,
926 3669 1002 3754 igne
1016 3682 1145 3755 perusta

406 3769 456 3834 Sit
470 3768 562 3850 cutis,
578 3791 597 3835 a
612 3768 716 3836 verbis
731 3792 772 3834 ne
788 3780 876 3836 notet
891 3793 947 3839 ora
962 3771 1069 3840 rubor.

363 3871 465 3937 Plena
479 3872 600 3958 pudore
616 3882 736 3950 tamen
752 3871 880 3959 qualem
896 3873 991 3940 decet
1002 3873 1089 3940 illius
1103 3895 1181 3950 ease,

405 3974 472 4050 Qui
488 3974 600 4040 timont
614 3974 682 4041 vitii
698 3974 844 4043 sordidus
859 3997 928 4043 ease
943 3986 1027 4045 nota

362 4076 504 4142 Alterius
518 4077 639 4163 linguoe
654 4077 706 4144 dic
721 4077 794 4166 quia
808 4078 995 4146 moderatur
1008 4078 1174 4148 habenas?

405 4177 542 4258 Vincat,
559 4178 615 4266 qui
629 4179 768 4266 propriae
783 4179 881 4266 possit
895 4181 1014 4247 habere
1028 4182 1171 4250 modurn.

363 4278 504 4346 Lubrica
518 4303 603 4368 saepe
618 4282 715 4361 cadit,
730 4282 883 4368 quoniam
898 4294 1040 4352 versatur
1052 4285 1086 4350 in
1102 4286 1183 4351 ndo:

407 4381 502 4468 Saepe
518 4385 634 4450 cadens
648 4385 755 4453 labem
770 4386 939 4468 contrahit,
953 4398 1050 4474 atque
1064 4397 1182 4457 notam.
