3575 5575
515 787 575 847 130
769 795 909 842 loturus
926 798 1206 843 saansaanrnusrs
1332 780 1414 858 [tur.
1432 799 1470 844 11.

514 953 652 1040 planetae
680 947 838 1035 placandi,
863 950 920 1034 qui
950 947 1090 1012 numeris
1118 959 1224 1012 totum
1253 958 1377 1014 rotant:
1416 973 1470 1014 eos

513 1045 745 1138 Mandrogerus
768 1073 824 1114 nec
849 1061 958 1113 nostro
979 1049 1051 1113 visu
1077 1049 1196 1125 faciles,
1219 1072 1277 1113 nec
1302 1050 1390 1116 dictu
1421 1051 1469 1115 af-

513 1151 625 1216 fabiles
645 1175 712 1215 esse
733 1149 916 1237 respondet,
930 1150 1094 1236 adjiciens,
1110 1149 1199 1235 quod
1214 1162 1337 1215 atomos
1356 1154 1390 1215 in
1412 1175 1467 1216 ore

514 1250 660 1327 volvunt,
682 1250 789 1315 stellas
809 1262 990 1326 numerant,
1010 1248 1077 1312 sola
1098 1261 1224 1313 mutare
1246 1272 1309 1315 non
1325 1265 1466 1337 possunt

514 1374 580 1416 sua.
624 1349 676 1415 Sic
690 1349 799 1436 itaque
814 1373 833 1412 a
847 1349 1054 1434 dispositione
1068 1347 1207 1412 siderum
1223 1362 1396 1416 eventuum
1412 1376 1466 1416 ne·

513 1454 688 1520 cessitatem
705 1450 832 1535 ingerit,
848 1462 885 1515 ut
905 1450 976 1514 illos
994 1449 1058 1513 saie
1074 1452 1151 1514 satis
1167 1452 1290 1515 urbano
1305 1452 1466 1536 eleganter

511 1555 653 1630 irrideat,
664 1555 721 1641 qui
737 1553 840 1618 visum
856 1564 1004 1615 exercent
1019 1551 1051 1614 in
1064 1551 1329 1638 contemplatione
1344 1578 1467 1635 eorum,

511 1657 568 1744 qui
583 1657 685 1722 visum
706 1655 849 1740 fugiunt,
864 1665 896 1717 et
918 1652 1123 1739 interpellant
1142 1676 1206 1728 eos,
1222 1655 1280 1739 qui
1299 1654 1388 1741 loqui
1410 1657 1465 1720 de·

511 1759 684 1842 dignantur
697 1781 704 1819 :
728 1768 760 1819 et
772 1775 873 1840 quum
886 1766 1008 1817 atomos
1022 1754 1055 1816 in
1068 1776 1122 1816 ore
1138 1754 1278 1832 volvant,
1290 1757 1464 1822 verendum

510 1873 570 1936 est,
588 1882 629 1923 ne
649 1858 675 1922 si
697 1869 818 1921 atomos
838 1854 1039 1940 genethliaco
1059 1854 1143 1919 forte
1163 1855 1341 1938 intercidat,
1358 1857 1390 1921 in
1410 1883 1465 1924 ex-

508 1960 655 2047 cipienda
669 1956 825 2022 sententia
840 1955 1018 2019 coelestium
1033 1955 1170 2020 labatur.
1205 1959 1254 2022 Sit
1266 1980 1343 2043 ergo
1352 1983 1463 2027 eorum

508 2061 641 2146 insignis
656 2058 838 2134 auctoritas,
854 2056 934 2122 dum
949 2057 1073 2122 stabilis
1088 2070 1120 2122 et
1141 2058 1325 2126 inconvulsa
1338 2077 1464 2129 maneat

509 2162 668 2228 creatoris.
714 2162 810 2223 Certe
831 2158 986 2245 quicquid
1010 2159 1071 2223 tibi
1098 2163 1188 2224 Mars
1212 2173 1297 2242 tuus,
1319 2176 1376 2227 aut
1401 2165 1426 2227 J
1429 2187 1463 2228 u-

509 2267 592 2350 piter
613 2273 796 2347 suggerant,
812 2261 903 2324 Deus
923 2283 1019 2324 verax
1036 2273 1096 2342 est,
1111 2274 1143 2325 et
1159 2274 1196 2325 tu
1211 2263 1290 2327 dum
1310 2265 1374 2330 illis
1387 2267 1462 2352 plus

506 2387 601 2452 quam
634 2368 703 2428 Deo
732 2363 845 2440 credis,
876 2362 1139 2448 perniciosissime
1169 2367 1316 2431 mendax.
1362 2370 1462 2433 Astra

505 2467 633 2554 quidem
656 2465 819 2529 mendacia
841 2477 916 2530 sunt
942 2463 974 2528 in
995 2478 1167 2551 conspectu
1190 2468 1271 2552 ejus,
1294 2470 1350 2533 sed
1372 2483 1405 2535 et
1426 2471 1461 2536 in

504 2571 636 2656 Angelis
657 2569 723 2633 suis
748 2568 866 2654 reperit
895 2567 1094 2651 pravitatem.
1139 2570 1188 2634 Ut
1214 2580 1321 2634 tamen
1347 2595 1460 2638 verum

503 2673 616 2748 fatear,
632 2671 691 2735 tibi
706 2684 791 2736 astra
806 2690 869 2733 non
885 2669 1097 2747 mentiuntur,
1113 2671 1168 2735 sed
1184 2684 1220 2735 tu
1242 2671 1320 2756 ipse.
1364 2675 1460 2750 Quod

502 2773 657 2862 deciperis
683 2772 742 2839 tibi
769 2771 903 2858 imputa.
950 2772 1029 2848 Quis
1055 2775 1139 2837 enim
1166 2786 1197 2839 te
1226 2773 1311 2859 cogit
1340 2774 1457 2841 falsum

503 2873 642 2961 putare?
678 2878 769 2939 Deus
791 2894 840 2953 ea,
862 2896 935 2958 quae
958 2873 1179 2957 praeeuntibus
1201 2874 1298 2961 signis
1325 2889 1459 2942 ventura

503 2976 673 3061 conjectas,
688 2974 900 3039 immutabilia
921 2995 987 3037 esse
1002 2975 1169 3060 persuasit.
1213 2979 1269 3042 An
1287 2978 1406 3043 falleris
1420 3001 1459 3042 eo

503 3077 591 3161 quod
607 3077 729 3161 figulus
745 3075 886 3151 sibilans,
903 3088 960 3141 aut
976 3076 1028 3139 hic
1043 3077 1183 3142 mundus
1197 3078 1253 3156 ait,
1279 3143 1287 3159 ,

784 3182 856 3235 nulla
868 3183 924 3234 sine
935 3180 995 3250 lege
1006 3200 1052 3253 per
1063 3200 1146 3236 aevum

606 3271 693 3334 Errat,
705 3275 732 3322 et
743 3270 841 3321 incerto
852 3267 989 3321 volvuntru
1000 3267 1087 3320 sidera
1097 3272 1179 3320 motu.

604 3355 661 3407 Aut
672 3355 694 3407 si
705 3352 761 3406 fata
771 3357 884 3417 movent,
896 3353 965 3417 urbi,
976 3353 1119 3421 generique
1131 3357 1235 3423 paratur

609 3440 732 3493 Humano
743 3444 845 3491 matius
856 3438 930 3491 lues?

506 3524 661 3612 Idemque
677 3524 873 3589 manifestius
888 3523 1027 3610 subjicit,

711 3634 749 3685 Et
760 3650 865 3705 superos
876 3634 939 3702 qnid
950 3634 1056 3705 prodest
1067 3651 1172 3705 poscere
1184 3633 1286 3689 finem?

603 3720 671 3773 Cum
684 3718 787 3772 domino
798 3736 851 3789 pax
862 3720 915 3770 ista
922 3718 1007 3770 venit:
1026 3719 1075 3771 duc
1087 3718 1174 3772 Roma
1185 3720 1312 3773 malorum

603 3805 762 3859 Continuam
772 3804 876 3865 seriem,
888 3802 1041 3871 clademque
1052 3804 1080 3855 in
1091 3810 1210 3875 tempora
1220 3804 1303 3857 multa

603 3890 738 3953 Protrahe,
750 3888 819 3942 civili
830 3892 933 3941 tantum
940 3889 998 3958 jam
1009 3887 1092 3941 libera
1104 3889 1183 3942 bello.

501 3982 562 4046 Sed
578 3984 789 4067 proculdubio
804 3982 899 4046 multi
917 3982 963 4046 dii
985 3983 1043 4060 tui,
1060 3986 1207 4047 futurum
1230 3981 1349 4045 bellum
1364 4004 1452 4045 amo·

500 4106 572 4146 vere
587 4105 650 4146 non
670 4095 828 4169 poterant,
844 4082 921 4167 quia
942 4082 1047 4163 multi,
1064 4083 1127 4145 imo
1147 4081 1255 4166 potius
1269 4082 1350 4145 nulli
1365 4095 1451 4148 sunt.
1556 4136 1559 4139 .

499 4187 572 4249 Hoc
587 4196 692 4247 tamen
706 4206 791 4248 uuus
806 4197 838 4249 et
855 4187 943 4249 Deus
957 4196 990 4247 et
1014 4184 1172 4248 Dominus
1190 4182 1332 4247 omnium
1356 4197 1451 4269 potu-

497 4287 580 4351 isset.
627 4286 726 4350 Novit
741 4287 823 4351 enim
838 4286 891 4350 ille
907 4298 1032 4351 mutare
1047 4286 1249 4367 seutentiom,
1263 4286 1289 4350 si
1307 4305 1343 4351 tu
1358 4288 1451 4351 bene·

495 4386 566 4451 licio
581 4386 651 4472 ejus
662 4387 849 4453 maleficium
865 4386 965 4450 finias.
999 4389 1094 4454 Unde
1109 4402 1140 4454 et
1156 4386 1450 4452 Nabuchodonosor
