3575 5575
330 825 399 870 eae.
417 810 538 890 xxv11.]
685 819 938 875 aonrcnrrrcns.
1223 821 1284 879 147

326 976 410 1040 enirn
432 977 544 1044 fuisset
571 983 711 1055 Samuel,
733 996 935 1066 nequaquam
962 1003 995 1046 se
1021 981 1216 1068 permisisset
1237 985 1279 1049 ab

326 1077 453 1143 homine
475 1079 612 1159 adorari,
635 1082 692 1168 qui
715 1083 889 1148 secundum
913 1083 1014 1169 legem
1037 1085 1226 1158 crediderat,
1246 1099 1279 1150 et

324 1179 475 1247 docuerat
488 1205 586 1247 unum
599 1184 704 1247 Deum
717 1197 748 1248 et
766 1179 943 1248 Dominum
955 1183 1163 1252 adorandum.
1193 1188 1280 1250 Proe-

324 1296 410 1349 terea
425 1298 542 1350 sancta*
553 1288 696 1351 animaea
711 1297 865 1372 potestate
879 1286 1092 1371 malignorum
1105 1287 1277 1373 spirituum

323 1397 481 1471 exemptae
496 1397 580 1450 sunt.
623 1388 789 1449 Postremo
804 1385 929 1471 decepti
943 1387 1079 1451 hominis
1100 1409 1163 1451 uon
1179 1386 1276 1452 lovis·

324 1498 370 1549 set
399 1507 550 1562 errorem,
580 1485 668 1570 quod
697 1507 770 1550 enm
800 1503 840 1549 ex
870 1486 1138 1572 subsequentibus
1165 1488 1278 1552 fecisse

323 1583 494 1669 colligitur.
538 1586 632 1650 Dixit
646 1599 753 1650 autem
775 1586 904 1650 Samuel
924 1586 964 1649 ad
992 1587 1138 1652 Saulem:
1168 1589 1277 1665 Quare

322 1685 508 1772 inquietasti
524 1709 575 1750 me
593 1697 631 1750 nt
653 1685 845 1750 suscitarer?
877 1687 960 1751 Haec
974 1699 1022 1751 est
1043 1687 1127 1752 enim
1141 1688 1276 1760 fraudu-

321 1785 418 1852 lentia
441 1787 651 1874 malignorum
674 1789 857 1874 spirituum,
874 1800 911 1853 ut
926 1789 1016 1874 quod
1041 1788 1127 1853 ultro
1140 1789 1275 1872 faciunt,

320 1883 352 1953 e't
369 1887 492 1954 dictant
507 1889 688 1954 hominibus
702 1890 894 1966 iaciendum,
909 1913 1041 1976 operose
1060 1890 1273 1972 dissimulent,

319 2003 356 2056 ut
372 1991 432 2057 hoc
446 1991 547 2056 facere
562 1991 731 2056 videantur
753 1992 855 2057 inviti.
900 1991 1059 2058 Simulant
1080 2015 1113 2056 se
1136 2005 1273 2074 coactos,

318 2105 351 2160 et
373 2093 465 2180 quasi
479 2093 725 2158 exorcismorum
742 2094 862 2159 virtute
885 2105 1045 2159 extractos
1059 2096 1207 2180 linguon
1237 2108 1271 2162 et

317 2217 384 2281 quo
409 2195 515 2260 minus
539 2207 722 2273 caveantur,
749 2195 939 2261 exorcismos
968 2197 1059 2282 quasi
1086 2196 1117 2260 in
1145 2199 1271 2262 nomine

316 2295 459 2372 Domini,
482 2310 539 2362 aut
560 2298 593 2363 in
620 2295 683 2362 fide
708 2297 869 2373 trinitatis,
894 2309 951 2362 aut
979 2298 1214 2375 incarnationis,
1236 2312 1269 2365 et

316 2397 469 2483 passionis
498 2399 618 2464 virtute
647 2411 816 2484 conceptos
845 2410 1052 2484 componunt,
1077 2397 1271 2485 eosdemque

315 2500 498 2565 hominibus
533 2501 676 2581 tradunt,
704 2501 925 2566 exercentibus
954 2523 1007 2565 eos
1038 2501 1269 2587 obtemperant,

315 2601 415 2667 donec
432 2625 486 2666 eos
507 2623 612 2667 secum
634 2603 763 2667 crimine
786 2601 952 2686 sacrilegii,
968 2614 1000 2666 et
1022 2623 1117 2688 poena
1138 2603 1269 2668 damna-

316 2701 410 2769 tionis
436 2702 608 2767 involvant.
654 2701 901 2786 Transfigurant
925 2702 1021 2766 etiam
1049 2725 1082 2765 se
1107 2702 1269 2768 interdum

313 2809 347 2869 in
363 2803 492 2888 angelos
506 2803 596 2881 lueis,
611 2802 743 2867 honesta
762 2801 828 2866 sola
849 2802 1051 2888 praecipiunt,
1066 2802 1175 2867 illicita
1196 2826 1269 2889 pro-

314 2905 437 2985 hibent,
463 2903 652 2968 munditiam
679 2915 913 2977 consectantur,
940 2902 1147 2969 utilitatibus·
1162 2904 1269 2991 provi-

313 3002 402 3085 dent,
415 3019 450 3074 ut
465 3005 556 3093 qnasi
566 3005 640 3071 boni
655 3019 688 3070 et
704 3005 834 3092 propitii
845 3005 1034 3069 familiarius
1045 3006 1268 3089 admittantur,

314 3109 487 3175 audiantur
508 3106 687 3194 benignius,
710 3119 856 3171 amentur
877 3106 1007 3185 arctius,
1022 3106 1147 3171 facilius
1168 3125 1267 3172 exau·
1306 3100 1309 3107 ’

311 3210 459 3276 diantur:
487 3208 631 3275 habitum
647 3232 774 3295 quoque
789 3207 928 3272 iuduunt
943 3207 1169 3272 venerabilium
1192 3232 1264 3294 per·

310 3334 470 3386 sonarum,
485 3322 522 3378 ut
536 3311 580 3376 eis
596 3313 697 3397 major
711 3321 744 3376 et
759 3312 938 3395 promptior
952 3310 1128 3373 reverentia
1140 3310 1264 3397 impen-

308 3412 415 3477 datur.
448 3415 493 3477 Et
509 3412 554 3475 ait
571 3411 664 3476 Saul:
690 3412 842 3475 Coarctor
857 3406 959 3471 nimis.
1007 3406 1173 3493 Siquidem
1184 3409 1262 3473 Phi·

309 3512 420 3577 listiim
437 3527 582 3598 pugnant
600 3513 767 3577 adversum
790 3532 850 3590 me,
866 3522 900 3574 et
919 3513 1009 3574 Deus
1019 3510 1148 3574 recessit
1164 3532 1183 3573 a
1198 3533 1260 3588 me,

309 3624 341 3678 et
364 3612 517 3677 exaudire
538 3632 588 3675 me
603 3611 717 3687 uoluit,
734 3610 885 3695 usquein
900 3631 998 3674 manu
1017 3611 1259 3695 prophetarum,

307 3737 412 3802 neque
438 3735 495 3800 per
519 3714 651 3777 somnia.
704 3710 820 3775 Vocari
846 3732 924 3795 ergo
949 3723 991 3791 te,
1017 3723 1054 3775 ut
1079 3710 1260 3775 ostenderes

306 3818 385 3883 mihi
401 3816 477 3905 quid
493 3816 618 3880 faciam.
663 3816 714 3877 Ac
726 3813 751 3877 si
767 3824 876 3898 aperte
890 3812 994 3876 dicat:
1013 3812 1053 3875 In
1068 3812 1260 3897 desperatio·

304 3918 354 3983 nls
369 3918 519 4003 abyssum
535 3911 754 4002 praecipitatus
768 3933 850 3975 sum.
892 3915 1088 3997 impugnant
1103 3912 1257 3994 homines,

304 4019 421 4086 deserit
444 4018 545 4094 Deus,
561 4027 593 4081 et
615 4038 676 4101 ego
697 4014 737 4077 ad
761 4024 804 4088 te,
819 4011 876 4099 qui
898 4012 930 4075 in
954 4013 1088 4078 veritate
1110 4013 1256 4101 utrisque

303 4118 473 4183 inimicaris
495 4115 657 4201 confugio,
674 4124 712 4178 ut
734 4110 826 4200 quasi
848 4111 961 4176 doctor
981 4111 1174 4198 discipulum
1197 4113 1255 4179 do-

302 4241 384 4295 ceas,
414 4217 493 4303 quid
522 4240 572 4280 me
601 4216 632 4279 in
664 4227 753 4279 tanta
787 4212 934 4295 angustia
967 4226 1112 4299 oporteat
1143 4215 1254 4280 lacere.

303 4318 392 4386 Licet
408 4320 491 4382 enim
516 4340 586 4381 eum
606 4306 667 4403 qui¹
685 4315 874 4401 loquebatur
897 4314 1040 4379 crederet
1064 4314 1253 4391 Samuelem,

304 4436 408 4487 tamen
425 4418 456 4482 in
473 4420 605 4481 veritate
621 4430 687 4480 erat
704 4416 835 4500 augelus
853 4416 1012 4481 Sathauae.
1058 4415 1126 4479 Nec
1147 4417 1254 4501 potuit

753 4525 809 4581 nt
