3575 5575
479 727 519 785 70
740 738 876 783 ioannis
892 737 1170 785 saaasnnnrsusrs
1295 720 1379 799 [nra.
1397 743 1436 787 n.

481 899 659 974 superesset
673 911 709 953 ac
724 888 897 973 lacrymas:
933 895 965 952 et
987 888 1128 953 omniurn
1149 890 1226 955 licet
1246 891 1437 957 acerbitates

483 1011 586 1055 rerum
603 1003 766 1075 superaret
787 990 898 1066 fames,
913 990 993 1055 nihil
1014 1003 1119 1056 tamen
1134 992 1181 1057 ita
1195 991 1322 1059 subruit
1336 1005 1436 1079 atque

483 1093 655 1173 subvertit,
671 1093 751 1158 sicut
776 1092 1008 1157 verecundiam.
1055 1092 1214 1178 Quicquid
1236 1094 1321 1157 enim
1341 1093 1437 1159 salvis

484 1194 579 1258 rebus
594 1195 718 1280 pudore
740 1194 871 1280 dignum
895 1208 955 1273 est,
970 1194 1003 1258 id
1025 1196 1057 1258 in
1081 1195 1139 1259 hac
1159 1196 1345 1260 necessitate
1364 1218 1437 1260 con·

485 1298 647 1364 temnitur.
693 1298 841 1383 Denique
864 1312 897 1362 et
919 1320 1036 1361 uxores
1054 1297 1095 1361 de
1116 1299 1258 1362 virorum
1279 1299 1438 1380 manibus,

483 1413 515 1464 et
541 1400 599 1464 filii
622 1397 663 1463 de
687 1412 869 1485 parentum,
892 1413 925 1463 et
949 1400 1034 1485 quod
1058 1411 1105 1463 est
1128 1399 1297 1480 infelicius,
1319 1413 1438 1465 matres

376 1527 381 1537 ·
482 1501 569 1565 cibos
584 1500 624 1564 de
639 1500 844 1585 parvulorum
861 1500 1008 1566 manibus
1022 1513 1121 1586 atque
1135 1523 1191 1564 ore
1211 1502 1389 1587 rapiebant,
1404 1515 1437 1567 et

483 1624 583 1688 qrsum
612 1602 784 1667 dulcissimi
811 1601 914 1682 liberi,
941 1602 974 1665 in
996 1603 1146 1667 manibus
1166 1613 1266 1689 atque
1287 1613 1359 1667 ante
1379 1626 1438 1670 ora

482 1705 576 1791 positi
604 1707 811 1787 tabescerent,
833 1705 953 1790 exigua
976 1706 1051 1771 ritae
1077 1705 1220 1770 subsidia
1245 1728 1265 1771 a
1288 1704 1438 1771 dentibus

482 1808 558 1892 ipsis
577 1806 714 1871 eximere
736 1829 829 1871 nemo
848 1808 1007 1893 parcebat.
1054 1808 1174 1871 Verum
1197 1830 1237 1871 ne
1258 1808 1343 1894 ipsos
1365 1806 1436 1894 qui·

482 1909 555 1973 dem
571 1908 720 1987 infelices,
735 1922 767 1973 et
781 1911 973 1994 perexiguos
988 1922 1149 1973 sumentes
1169 1909 1311 1973 latebant
1327 1909 1433 1974 cibos:

484 2009 538 2073 sed
565 2009 716 2073 continuo
741 2007 851 2071 aderat
877 2009 1063 2094 praedonum
1091 2010 1174 2095 quis,
1202 2024 1234 2073 et
1260 2012 1368 2074 statim
1399 2022 1436 2073 ut

483 2108 605 2173 clausas
627 2110 804 2194 cujuspiam
830 2109 1046 2194 conspexisset
1068 2110 1163 2186 fores,
1186 2110 1340 2174 indicium
1366 2132 1436 2175 cre-

484 2211 581 2275 debat
602 2211 662 2274 hoc
684 2234 761 2288 esse,
785 2211 872 2297 quod
895 2212 1085 2276 intrinsecus
1109 2213 1207 2297 positi
1233 2212 1381 2292 ederent3
1403 2226 1437 2278 et
1482 2240 1486 2249 ·

484 2325 612 2399 repente
628 2312 796 2399 despicatis
807 2314 941 2390 foribus,
954 2316 1136 2400 precipites
1150 2316 1325 2390 irruebant,
1338 2328 1437 2401 atque

485 2416 526 2481 ab
541 2398 629 2502 ipsis,
654 2430 689 2480 ut
709 2416 754 2481 ita
776 2415 890 2494 dicam,
906 2417 1052 2482 faucibus
1073 2417 1297 2503 exprimentes,
1311 2419 1337 2482 si
1355 2418 1437 2503 quid

485 2520 568 2583 forte
580 2520 777 2603 insumptum
786 2521 854 2604 jam
864 2519 984 2595 fuerat,
996 2520 1197 2585 revocabant.
1221 2520 1438 2585 Verberantnr

485 2642 582 2695 senes,
610 2624 635 2684 si
662 2621 769 2685 cibum
797 2620 964 2685 vendicare
991 2633 1177 2698 tentassent,
1200 2621 1316 2707 sparsis
1340 2622 1436 2685 etiam

483 2723 623 2790 crinibus
644 2724 792 2789 mulieres
816 2724 1038 2801 trahebantur,
1058 2729 1220 2790 occultare
1240 2726 1388 2802 nitentes,
1410 2725 1438 2790 ai

484 2828 562 2913 quid
585 2829 668 2892 forte
691 2827 925 2913 deprehensum
946 2827 1060 2891 fuisset
1081 2827 1114 2890 in
1137 2828 1293 2893 manibus.
1338 2827 1439 2892 Nulla

485 2928 613 2991 senibus
629 2928 816 3006 reverentia,
831 2927 920 2993 nulla
935 2952 1012 3015 erga
1027 2928 1179 3014 parvulos
1198 2930 1368 3010 miseratio,
1383 2929 1438 2993 sed

486 3029 518 3093 in
533 3030 651 3114 exiguo
665 3030 757 3114 panis
771 3031 949 3115 fragmento
969 3030 1121 3116 parvulos
1135 3030 1335 3106 inhaerentes,
1350 3044 1381 3096 et
1397 3053 1437 3094 ex

484 3133 555 3217 ipso
580 3132 631 3195 cui
654 3132 843 3196 inhaeserant
867 3155 1046 3218 suspensos,
1069 3131 1230 3196 elidebant
1251 3131 1284 3195 in
1310 3152 1437 3199 terram.

488 3239 525 3300 ln
542 3258 614 3298 eum
629 3258 715 3315 vero,
731 3235 787 3319 qui
808 3249 952 3321 raptores
971 3235 1043 3299 cibo
1058 3235 1263 3321 praevenisset
1278 3234 1438 3312 absumta,

486 3337 649 3402 crudelius
671 3339 855 3417 saeviebant,
875 3351 908 3403 et
930 3338 1155 3422 excogitabant
1176 3336 1247 3400 dira
1269 3335 1437 3422 supplicia,

485 3441 670 3507 obturantes
685 3441 865 3505 infelicibus
883 3441 1043 3506 naturales
1063 3440 1277 3526 digestionum
1293 3453 1437 3505 meatus:

485 3542 554 3606 aliis
577 3567 651 3607 vero
673 3554 850 3629 praeacutas
872 3542 966 3607 sudes
987 3565 1044 3629 per
1070 3543 1181 3606 eadem
1208 3544 1346 3607 verenda
1367 3541 1437 3606 adi·

485 3659 605 3730 gentes.
663 3645 823 3708 Horresco
851 3667 926 3729 quae
955 3656 1045 3730 gesta
1075 3654 1151 3709 sunt
1180 3646 1328 3710 referens.
1385 3644 1437 3710 Ad

485 3748 712 3812 confectionem
733 3758 805 3832 post
820 3746 888 3809 haec
905 3747 1000 3811 unius
1014 3746 1116 3832 panis,
1132 3760 1188 3813 aut
1203 3748 1311 3833 cyathi
1326 3745 1438 3810 farinae

486 3849 614 3914 miseros
635 3850 861 3936 perurgebant.
908 3853 992 3915 Nam
1014 3850 1076 3935 ipsi
1096 3863 1233 3914 tortores
1251 3871 1314 3912 non
1337 3850 1439 3932 patie-

487 3954 604 4013 bantur
619 3952 746 4015 famem.
779 3953 875 4016 Esset
890 3955 975 4016 enim
991 3951 1226 4038 quodammodo
1242 3949 1439 4014 tolerabilius

488 4050 511 4114 si
528 4050 596 4113 haec
612 4051 766 4136 compulsi
781 4053 886 4116 inedia
901 4054 1003 4116 facere
1018 4051 1211 4115 viderentur.
1256 4049 1319 4114 Sed
1336 4064 1372 4113 ut
1388 4049 1439 4111 vel

488 4166 702 4238 praepararent
719 4153 826 4218 sibi-in
847 4175 1010 4240 posterum
1032 4153 1128 4228 cibos,
1146 4152 1195 4216 vel
1211 4164 1248 4216 ut
1268 4149 1440 4215 crudelitas

487 4253 637 4318 exercitio
666 4256 907 4330 convalesceret,
937 4261 970 4320 in
998 4254 1047 4318 his
1084 4254 1178 4318 etiam
1206 4253 1231 4317 si
1266 4254 1323 4338 qui
1356 4249 1439 4316 forte

486 4357 597 4422 furtim
625 4347 680 4442 per
704 4358 854 4422 stationes
877 4356 1015 4421 hostium
1039 4379 1098 4442 pro
1122 4354 1310 4442 colligendis
1332 4353 1440 4419 herbis
