3575 5575
342 819 411 864 car.
427 803 518 881 xus]
691 820 947 867 vonvcnavrcos.
1232 813 1295 871 817

343 994 426 1048 esse,
448 973 498 1035 vel
517 993 576 1056 per
593 995 639 1050 se,
659 974 708 1036 vel
731 994 789 1055 per
810 973 949 1038 mediam
965 995 1143 1058 personam,
1159 976 1225 1040 sive
1243 976 1296 1060 ju-

343 1071 481 1147 dicibus,
494 1073 559 1135 sive
570 1072 641 1136 aliis
653 1073 899 1157 quibuscunque
911 1075 1057 1159 personis
1070 1097 1128 1159 pro
1141 1096 1180 1140 aa
1191 1097 1298 1154 causa,
1403 1139 1411 1160 ‚

341 1174 490 1258 exceptis
504 1174 567 1250 his,
579 1195 651 1257 qnae
667 1174 845 1254 advocatis,
856 1188 888 1238 et
899 1176 1109 1260 quisbusdam
1121 1178 1192 1241 aliis
1203 1177 1298 1242 certis

342 1277 487 1357 personis
502 1275 542 1338 de
557 1276 641 1359 juris
654 1277 855 1359 indulgentia
869 1275 1012 1360 praestari
1027 1278 1112 1343 licet.
1157 1278 1254 1352 Quod
1269 1279 1297 1343 si

343 1388 432 1440 actor
446 1376 493 1440 sic
513 1377 621 1461 jurare
643 1378 845 1455 recusaverit,
859 1381 1014 1442 exclusus
1035 1381 1127 1444 alite
1144 1380 1233 1444 cadit
1255 1382 1296 1446 ab

344 1478 483 1556 actione,
497 1487 652 1562 tanquam
671 1477 835 1562 improbus
854 1479 1003 1560 litigator.
1048 1481 1137 1544 Reus
1152 1503 1227 1547 vero
1243 1481 1299 1546 de·

344 1584 482 1638 trectans
502 1577 608 1639 subire
621 1575 849 1657 jurameutum,
863 1575 1000 1640 habetur
1014 1599 1073 1661 pro
1089 1580 1248 1655 confesso,
1263 1590 1298 1642 et

345 1674 538 1740 sententiam
563 1676 776 1740 damnationis
801 1690 962 1761 expectat.
1007 1679 1073 1742 sed
1097 1691 1130 1742 et
1151 1680 1215 1763 ipsi
1240 1703 1298 1764 pa,-

346 1777 430 1838 troni
452 1782 629 1854 causarum,
650 1798 715 1859 quo
738 1776 864 1849 fidelior
880 1779 985 1862 possit
1004 1800 1074 1842 esse
1095 1780 1301 1860 examinatio,

346 1876 387 1939 ab
413 1875 485 1960 ipsa
508 1879 739 1941 contestatione
762 1879 839 1952 litis,
862 1879 1047 1964 juramento
1072 1889 1232 1945 arctantur
1257 1883 1300 1946 ad

346 1978 507 2042 veritatem
529 1989 562 2042 et
579 1978 689 2056 fidem,
704 1978 853 2062 jurantes
875 1979 964 2062 quod
985 2002 1059 2044 cum
1081 1984 1170 2045 omni
1185 1985 1300 2047 virtute

347 2100 414 2154 sua,
437 2078 587 2164 omnique
609 2101 682 2161 ope,
701 2080 788 2162 quod
805 2080 930 2164 justum
953 2093 985 2145 et
1005 2105 1113 2146 verum
1137 2085 1300 2148 examina-

348 2181 461 2259 verint,
472 2183 645 2245 clientibus
660 2182 726 2245 suis
742 2183 858 2246 inferre
869 2187 1097 2266 procurabunt,
1108 2186 1187 2249 nihil
1203 2188 1302 2251 studii
1375 2247 1378 2251 .

346 2283 560 2366 relinquentes
581 2293 676 2368 prout
697 2285 814 2366 cuique
833 2287 987 2369 possibile
1008 2298 1077 2362 est3
1100 2299 1132 2350 et
1150 2288 1236 2370 quod
1258 2311 1302 2354 ex

346 2381 504 2445 industria
519 2405 578 2446 sua
592 2404 657 2446 uon
672 2384 950 2466 protrahentlites.
995 2386 1081 2448 Nam
1103 2407 1158 2450 eas
1178 2399 1303 2470 oportet

347 2483 553 2566 ajudicibus
575 2484 655 2547 infra
677 2484 844 2547 biennium
866 2485 917 2547 vel
938 2485 1111 2549 triennium
1131 2488 1302 2552 terminari.

347 2585 442 2668 Ipsos
467 2607 597 2668 quoque
623 2585 796 2650 advocatos
819 2587 886 2669 pari
909 2587 1133 2652 distributione
1157 2591 1302 2672 partibus

347 2687 544 2770 exaequabit,
570 2688 636 2749 sive
666 2709 722 2751 eos
751 2688 912 2770 petierint,
942 2691 1008 2752 sire
1036 2711 1114 2767 non,
1143 2702 1179 2753 ut
1208 2712 1301 2773 aequo

348 2789 453 2851 Marte
472 2790 574 2872 possit
592 2810 690 2853 causa
711 2787 895 2873 procedere.
944 2791 1027 2855 Haeo
1048 2802 1154 2855 autem
1173 2793 1304 2876 paritas,

348 2888 439 2952 etin
465 2890 590 2953 virtutis
615 2891 739 2969 merito,
764 2900 797 2953 et
824 2890 991 2955 vivacitate
1016 2893 1153 2976 ingenii,
1176 2894 1303 2958 consilii

348 2991 577 3073 profunditate,
601 3001 633 3055 et
655 2993 808 3076 opinione
832 2992 987 3073 scientiae,
1011 3004 1044 3057 et
1064 2996 1203 3058 nominis
1227 3017 1302 3060 auc·

320 3134 323 3137 -
348 3092 474 3155 toritate
497 3095 655 3171 consistit,
673 3106 709 3157 ut
729 3094 800 3157 haec
822 3094 942 3172 omnia,
957 3096 984 3157 si
999 3095 1069 3157 fieri
1084 3103 1201 3178 potest,
1216 3096 1304 3180 apud

350 3204 456 3275 partes
481 3192 620 3277 quadam
647 3194 806 3275 aequitatis
830 3195 925 3257 lance
947 3194 1114 3257 librentur.
1159 3193 1255 3268 Quod
1277 3195 1305 3259 si

349 3292 445 3356 unius
467 3314 533 3377 prae
556 3295 678 3357 caeteris
701 3306 749 3358 est
772 3295 858 3359 sama
878 3296 1020 3372 hilarior,
1035 3316 1078 3359 ex
1098 3296 1204 3360 officio
1222 3295 1305 3380 judi-

350 3394 455 3457 cantis
469 3404 564 3477 prout
583 3396 702 3479 poterit
723 3396 806 3479 parti
828 3395 1016 3461 adversariae
1036 3398 1304 3481 compensabitur.

351 3494 415 3565 Qui
431 3507 536 3558 tamen
556 3497 693 3581 alicujus
714 3497 911 3579 litigatorum
928 3519 1045 3579 arcana
1060 3500 1227 3583 praenovit,
1239 3520 1305 3561 non

351 3596 602 3677 patrocinabitur
630 3597 821 3673 adversario,
847 3600 911 3662 uisi
937 3601 1017 3663 forte
1049 3602 1128 3664 citra
1153 3600 1305 3663 conveni-

352 3697 473 3760 entiam
492 3697 625 3781 judici's,
646 3699 814 3780 separatim
842 3720 915 3762 cum
943 3701 1090 3781 pluribus
1113 3700 1206 3762 aliter
1224 3710 1305 3763 trac·

351 3798 476 3876 taverit,
489 3811 525 3861 ut
543 3798 633 3861 alteri
656 3798 742 3881 paris
759 3798 956 3862 defensionis
977 3802 1073 3883 copia
1095 3800 1306 3864 subtrahatur.

353 3899 424 3962 Nec
441 3900 560 3984 estqui
580 3922 600 3962 a
616 3899 728 3983 judice
753 3901 892 3965 monitus
913 3902 982 3963 sine
1005 3901 1213 3965 excusatione
1233 3923 1307 3986 pro·

351 4001 463 4079 babili,
477 4004 580 4084 possit
594 4003 777 4085 cuicunque
800 4002 881 4085 parti
901 4003 1116 4087 patrocinium
1137 4003 1307 4088 denegare,

352 4103 416 4165 nisi
430 4104 532 4167 sorum
548 4103 610 4167 sibi
622 4103 776 4187 praeludi
794 4104 879 4181 velit,
891 4115 927 4167 ut
938 4105 1142 4187 postmodum
1157 4104 1308 4170 incensis

354 4204 488 4285 agendis
501 4206 632 4269 minime
646 4205 805 4269 audiatur.
842 4206 877 4268 Si
888 4227 962 4270 vero
977 4208 1202 4289 praevaricatus
1217 4207 1309 4271 fuerit

354 4301 539 4382 advocatus,
558 4306 592 4367 in
613 4306 798 4369 convictum
818 4315 953 4389 oportet,
969 4327 1026 4388 pro
1048 4308 1199 4390 qualitate
1222 4327 1307 4368 corn-

360 4403 596 4490 missi,poenam
608 4408 826 4489 gravissimam
837 4428 997 4473 exercere.
1021 4406 1309 4489 Munussiquidem
