3575 5575
284 321 451 518 nuti
757 367 1364 552 tethdru'lwxs

496 789 560 848 206
757 801 894 846 soxurus
911 799 1189 846 sxussnnruxusrs
1303 783 1384 863 [ure.
1403 801 1453 849 ιιι.

496 963 528 1018 et
543 953 666 1029 mulier,
684 953 740 1017 scd
756 975 820 1017 una
834 975 918 1018 caro.
951 954 1033 1016 Haec
1051 954 1160 1038 utique
1176 954 1244 1016 siue
1262 954 1372 1018 dolore
1388 976 1453 1018 non

495 1054 660 1128 scinditur,
676 1075 780 1138 neque
796 1054 864 1117 siue
880 1053 1002 1117 invidia
1017 1054 1279 1118 communicatur.

603 1161 666 1215 Non
677 1162 744 1214 bene
756 1178 814 1213 cum
825 1161 901 1214 sociis
912 1178 995 1228 regna
1007 1159 1150 1229 Venusque
1162 1165 1285 1213 manent:

498 1269 531 1323 et
545 1260 629 1324 sicut
642 1262 662 1295 “
675 1261 764 1324 nulla
777 1259 860 1323 fides
874 1259 965 1341 regni
980 1256 1105 1336 sociis?
1120 1259 1164 1322 ita
1179 1279 1240 1322 nec
1256 1259 1326 1322 tori·
1358 1259 1451 1324 Certe

500 1363 625 1427 facilius
640 1373 698 1440 est,
713 1363 803 1445 regni
820 1361 958 1436 divitias,
975 1381 1071 1444 quarn
1092 1360 1295 1424 affectionem
1312 1361 1453 1444 conjugii

500 1464 553 1528 alii
569 1465 692 1528 cedere.
737 1463 850 1546 Atqui
865 1482 925 1525 nec
947 1457 999 1524 isti
1020 1461 1175 1545 conjuges
1192 1471 1277 1539 sunt,
1293 1459 1349 1524 sed
1363 1462 1453 1524 leno·

390 1568 392 1572 ’
499 1586 568 1629 nes.
601 1566 694 1630 Tunc
711 1565 839 1629 demum
857 1564 965 1627 omnia
981 1562 1154 1627 creduntur
1170 1564 1357 1645 exposuisse
1374 1561 1452 1625 divi-

499 1667 595 1745 tibus,
607 1690 706 1752 quum
721 1666 798 1730 fidei
814 1664 912 1730 fidem
928 1666 1024 1730 faciat
1038 1665 1120 1728 fides
1131 1666 1256 1728 violata.
1294 1665 1361 1730 Sed
1376 1665 1454 1749 quid

499 1766 582 1832 filias
607 1781 640 1833 et
661 1790 779 1833 uxores
806 1767 908 1852 (quod
929 1768 1007 1832 licet
1024 1767 1100 1852 jura
1129 1767 1334 1851 prohibeant,
1349 1777 1455 1831 tamen

500 1892 693 1957 quocunque
709 1871 805 1935 modo
820 1882 932 1935 natura
947 1871 1111 1954 permittit)
1128 1869 1251 1953 exponi
1266 1890 1391 1953 queror,
1400 1881 1454 1934 aut

498 1974 670 2058 prostitui?
709 1975 750 2036 In
778 1974 883 2058 ipsam
909 1984 1065 2052 naturam,
1096 1973 1187 2058 quasi
1215 1971 1362 2056 gigantes
1388 1973 1454 2051 alii,

500 2075 752 2139 Theomachiam
775 2097 891 2139 novam
913 2086 1110 2154 exercentes,
1130 2075 1310 2156 insurgunt.
1355 2075 1453 2139 Filios

499 2179 637 2242 offerunt
662 2179 790 2257 Veneri,
812 2178 1007 2262 eosdemque
1032 2179 1066 2242 in
1092 2178 1254 2242 oblatione
1273 2197 1453 2262 pupparum

499 2281 639 2361 uirgines
665 2280 777 2363 praeire
802 2282 1009 2364 compellunt.
1055 2282 1093 2344 In
1120 2281 1184 2344 illis
1207 2281 1324 2346 etenim
1350 2280 1454 2345 aetatis

500 2381 664 2445 maturitas
685 2390 889 2465 expectatum
912 2393 944 2444 at
962 2381 994 2442 in
1012 2381 1062 2444 his
1077 2381 1198 2464 sufficit
1215 2380 1328 2446 alienae
1348 2380 1453 2464 impu·

500 2483 620 2546 dicitiae
632 2484 826 2566 voluptatem
842 2503 937 2566 posse
953 2483 1086 2566 expleri.
1117 2466 1223 2545 Pridet
1239 2483 1355 2560 dicere,
1364 2480 1452 2566 quod

500 2584 624 2668 seipsos
647 2585 702 2647 viri
724 2595 816 2649 aetate
839 2585 1053 2668 provectiores
1080 2593 1112 2648 et
1134 2606 1241 2663 sensu,
1262 2582 1453 2667 turpitudini

500 2694 597 2749 tantae
617 2666 906 2762 ubri'isubtrahunt,
922 2694 954 2748 et
969 2706 1068 2768 quum
1084 2705 1139 2748 eos
1154 2685 1189 2748 in
1206 2685 1355 2748 nobiliori
1370 2705 1453 2748 sexu

500 2798 612 2851 natura
620 2787 783 2867 creaverit,
792 2787 834 2851 ad
844 2786 1029 2851 deteriorem
1042 2800 1195 2872 quantum
1207 2810 1240 2851 ιιι
1250 2787 1330 2872 ipsis
1341 2797 1401 2867 est,
1412 2809 1455 2851 ex

499 2890 611 2952 innata
624 2890 744 2952 malitia
764 2886 985 2973 prolabuntur,
1000 2888 1172 2950 effeminati
1188 2888 1264 2951 vitio
1281 2897 1312 2951 et
1327 2908 1454 2971 corrup·

500 2992 565 3053 tela
584 3011 720 3064 morum,
737 3012 837 3073 quum
859 3002 965 3053 tamen
988 3000 1110 3052 naturae
1130 2989 1303 3063 beneficio,
1325 2989 1453 3053 feminae

500 3114 571 3157 esse
597 3113 663 3156 non
689 3093 824 3175 possint.
869 3093 977 3165 Quum
1002 3091 1200 3155 lascivientis
1225 3092 1333 3155 divitis
1357 3093 1454 3155 luxus

500 3192 628 3258 libidini
643 3204 718 3258 vota
740 3215 797 3258 sua
818 3193 1000 3278 praecingit,
1015 3193 1230 3257 recumbentis
1251 3191 1352 3277 pedes
1370 3194 1454 3257 cala·

500 3297 659 3361 mistratus
681 3297 860 3361 comatulus
882 3296 1015 3379 excipit,
1031 3296 1166 3358 nitorem
1187 3293 1333 3357 invidens
1353 3314 1454 3357 mere·

499 3397 583 3476 trici,
596 3397 743 3460 histrioni
765 3398 923 3473 habitum,
939 3398 1061 3460 cultum
1082 3396 1199 3480 procis,
1215 3395 1390 3477 virginibus
1404 3415 1455 3457 or-

499 3511 621 3575 natum,
636 3499 861 3583 triumphalem
884 3520 1014 3584 quoque
1037 3498 1239 3582 principibus
1254 3508 1455 3581 apparatum,

501 3603 590 3667 etin
616 3601 749 3665 aliorum
774 3611 951 3685 conspectu
976 3601 1089 3685 pedes,
1114 3608 1147 3664 et
1171 3621 1212 3664 ue
1237 3601 1310 3684 plus
1337 3598 1455 3675 dicam,

500 3705 618 3769 teneris
640 3702 787 3766 manibus
810 3701 905 3767 tibias
928 3712 1053 3768 tractat.
1098 3702 1344 3766 chirothecatus
1366 3699 1454 3762 euim

498 3806 632 3871 incessit
646 3804 776 3880 diutius,
786 3812 823 3868 ut
837 3825 950 3867 manus
965 3805 1025 3869 soli
1040 3807 1222 3869 subtractas
1238 3802 1395 3868 emolliret
1409 3798 1452 3862 ad

500 3908 605 3972 divitis
620 3928 724 3971 usum.
768 3906 897 3971 Deinde
917 3907 1047 3971 licentia
1069 3909 1231 3990 paululum
1248 3900 1454 3988 procedente,

499 4017 601 4073 totum
631 4029 747 4092 corpus
774 4008 941 4091 impudico
965 4019 1054 4073 tactu
1079 4010 1230 4073 oberrans
1259 4003 1454 4091 pruriginem

499 4110 625 4191 scalpit,
647 4130 742 4192 quam
766 4110 852 4189 fecit,
873 4121 906 4173 et
926 4110 1019 4192 ignes
1040 4109 1176 4173 Veneris
1198 4104 1383 4187 languentis
1404 4104 1454 4167 in-

499 4210 649 4273 flammat.
694 4211 814 4273 Verum
839 4211 911 4274 haec
936 4210 1143 4288 abominatio,
1164 4230 1229 4272 non
1256 4216 1321 4271 tam
1346 4218 1455 4271 osten-

500 4309 607 4375 denda
621 4324 670 4373 est
692 4332 788 4395 quam
810 4312 1031 4396 conspuenda,
1045 4311 1244 4396 puderetque
1267 4330 1339 4374 eam
1360 4308 1456 4391 nugis

499 4413 616 4477 nostris
630 4434 701 4477 esse
716 4413 948 4493 insertam,uisi
960 4413 1093 4479 eandem
1103 4414 1287 4499 Apostolus,
1298 4410 1455 4475 Romanis
