3575 5575
472 725 533 788 tna
690 738 865 784 *noturus
881 738 1159 785 sanasnnmnums
1285 724 1368 803 [mn.
1383 743 1424 792 11.
1494 713 1497 718 ’

471 891 548 956 dum
564 887 773 976 providentia
782 911 845 954 non
856 888 1008 973 impletur
1021 889 1164 972 effectus,
1174 891 1263 977 quod
1275 894 1421 960 futurum

471 1007 530 1071 est,
553 1007 586 1059 et
608 1016 670 1061 non
697 991 821 1058 evenire
845 1004 963 1079 potest,
984 1005 1090 1077 potest
1114 994 1209 1060 etiam
1235 1019 1298 1060 non
1324 995 1423 1061 luisse

473 1095 654 1182 praevisum.
700 1098 774 1160 Non
790 1106 907 1173 tamen,
923 1105 960 1158 ut
974 1093 1163 1178 praedictum
1179 1109 1238 1171 est,
1253 1097 1424 1182 investiga-

473 1195 567 1262 tionis
581 1194 714 1261 audacia
732 1194 995 1281 omnipotentiam
1016 1193 1133 1274 minuo,
1147 1208 1204 1260 ant
1219 1197 1425 1264 immensitati

473 1298 544 1384 ejus
558 1318 783 1382 quamcunque
803 1294 975 1381 praesoribo
994 1315 1184 1361 mensnram.
1229 1299 1302 1364 Hoc
1316 1309 1423 1366 antem

473 1421 548 1464 cum
558 1396 668 1466 multis
678 1399 789 1475 sentio,
798 1397 875 1480 qnia
885 1394 910 1460 si
921 1393 1001 1480 quid
1012 1398 1101 1464 Dens
1112 1395 1271 1481 praevidit,
1280 1396 1421 1471 eveniet;

474 1510 506 1563 et
522 1498 546 1563 si
562 1519 624 1564 non
646 1495 796 1570 evenerit,
813 1517 875 1560 non
896 1493 1054 1579 praevidit.
1099 1495 1197 1560 Unde
1212 1496 1422 1580 probabiliter

473 1596 513 1665 ad
530 1595 634 1660 minus
649 1594 821 1680 colligitur,
837 1595 915 1680 quia
929 1595 955 1658 si
971 1604 1074 1679 potest
1089 1618 1151 1659 non
1167 1596 1304 1672 evenire,
1319 1608 1424 1682 potest

474 1698 567 1763 etiam
588 1721 651 1762 non
667 1697 765 1764 fuisse
785 1697 969 1782 praevisum.
1017 1697 1101 1774 Quid
1124 1698 1209 1762 enim
1230 1722 1269 1764 ex
1291 1722 1357 1784 quo
1371 1722 1424 1764 ve-

473 1800 588 1868 raciter
603 1810 826 1882 consequatur,
841 1797 911 1883 ipsa
927 1796 1044 1861 veritas
1063 1798 1163 1879 novit,
1173 1798 1427 1886 juncturamque

474 1899 633 1964 rationum
658 1897 750 1982 plene
780 1910 812 1961 et
840 1898 982 1982 perfecte
1005 1898 1168 1982 primitiva
1193 1901 1275 1967 ratio
1303 1914 1424 1987 pensat.

475 2003 571 2067 Hanc
585 2011 691 2063 autem
713 1997 853 2066 humano
873 1999 982 2082 generi
1003 1998 1152 2084 indulget
1166 2000 1328 2067 academia
1341 2003 1423 2069 anti·

476 2124 541 2187 qua
561 2099 731 2174 licentiam,
756 2113 791 2164 nt
815 2100 972 2187 quicquid
995 2101 1167 2186 unicuique
1188 2102 1352 2189 probabile
1373 2128 1433 2175 oc·‚

475 2202 588 2278 currit,
615 2225 673 2266 suo
691 2201 766 2285 jure
789 2201 950 2268 defendat.
996 2203 1124 2270 Solebat
1148 2207 1250 2271 nostri
1275 2206 1427 2291 temporis

475 2302 706 2390 Peripateticus
735 2302 901 2374 Palatinus
934 2304 1083 2369 omnibus
1112 2304 1162 2368 his
1190 2306 1427 2376 conditionibus

475 2403 615 2481 obviare,
636 2402 691 2469 ubi
713 2425 775 2466 non
798 2402 960 2488 sequentis
982 2403 1190 2482 intellectum,
1210 2407 1427 2478 antecedentia

475 2508 640 2592 conceptio
661 2504 792 2584 claudit,
813 2518 867 2570 aut
891 2527 953 2569 non
980 2506 1197 2572 antecedentis
1220 2507 1427 2587 contrarium,

475 2604 696 2692 consequentis
719 2603 931 2670 destructoria
953 2604 1054 2691 ponit,
1075 2607 1220 2692 eoquod
1242 2630 1351 2678 omnes
1373 2631 1427 2672 ne-

475 2709 638 2774 cessariam
660 2719 766 2772 tenere
786 2710 1044 2794 consequentiam
1060 2708 1172 2786 velint,
1187 2711 1247 2776 etsi
1263 2710 1424 2777 nonnullae

475 2811 551 2887 sola,
567 2809 643 2873 dum
660 2821 770 2873 tamen.
789 2831 916 2892 magna,
932 2808 996 2875 sint
1018 2808 1243 2894 probabilitate
1258 2824 1425 2880 oonteutae.

477 2912 567 2975 Sicut
592 2909 675 2971 enim
699 2908 837 2975 scientiae
860 2910 978 2974 assistit
1002 2909 1178 2976 evidentior
1203 2934 1261 2997 pro
1282 2911 1331 2977 sni
1353 2936 1426 2999 per·

475 3010 644 3093 spicuitate
665 3006 784 3091 opinio,
809 3006 852 3071 sic
879 3020 911 3073 et
933 3007 1105 3093 singularia
1126 3032 1191 3095 quo
1213 3011 1427 3096 probabiliora

476 3120 562 3185 sunt,
592 3130 630 3171 eo
658 3107 904 3171 necessariorum
935 3108 1108 3173 fideliorem
1144 3110 1314 3194 imaginem
1343 3135 1426 3197 prae·

475 3209 593 3273 ferunt.
639 3210 683 3273 Et
698 3232 737 3272 ne
759 3232 809 3272 me
829 3209 928 3274 solius
948 3210 1106 3296 opinionis
1127 3210 1248 3277 lubrico
1269 3211 1426 3277 fluctuare

476 3324 581 3399 putes,
598 3325 757 3377 auctorem
781 3335 847 3397 quo
867 3336 917 3377 me
933 3327 1024 3381 tueor
1038 3335 1189 3397 magnum
1212 3313 1340 3397 profero
1355 3316 1427 3379 Au·

475 3412 653 3499 gustinum,
676 3414 730 3498 qui
752 3413 858 3480 locum
881 3414 972 3479 illum
993 3403 1153 3501 exponens
1172 3416 1352 3500 Evangelii,
1368 3415 1425 3484 ubl

475 3515 515 3579 de
535 3515 645 3579 multis
662 3514 888 3595 mansionibus,
906 3540 980 3601 quae
1003 3518 1035 3581 in
1060 3516 1156 3582 domo
1178 3516 1384 3602 patrissant,
1406 3541 1427 3582 a

475 3616 640 3683 Salvatore
669 3615 706 3681 fit
736 3616 864 3694 mentio,
890 3616 952 3681 nit:
986 3618 1018 3681 Si
1049 3641 1115 3703 qno
1144 3618 1250 3683 minus
1275 3618 1426 3685 dixissem

473 3717 575 3794 vobis,
598 3716 675 3803 quia
691 3716 773 3780 vado
795 3739 907 3802 parare
932 3717 1021 3781 vobis
1043 3717 1160 3789 locum,
1176 3718 1209 3782 id
1233 3733 1293 3796 est,
1313 3720 1339 3783 si
1360 3742 1425 3785 non

473 3833 576 3885 essent
598 3818 826 3905 praedestinati,
852 3818 1014 3894 dixissem,
1040 3820 1094 3883 ibo
1119 3833 1151 3883 et
1181 3821 1425 3906 praedestinabo.

475 3920 701 3984 Diversitatem
725 3920 839 3985 etenim
861 3921 1058 3988 mansionum
1074 3945 1150 4006 quae
1164 3922 1198 3986 in
1214 3922 1309 3985 domo
1324 3924 1424 4006 patris

473 4018 610 4083 coelestis
624 4033 812 4106 praeparatae
833 4034 919 4099 sunt,
942 4022 1059 4091 divinae
1079 4022 1352 4107 praedestinationi
1372 4044 1426 4085 oo·

474 4132 575 4206 aptat,
584 4143 658 4204 quae
671 4120 829 4185 salvandis
840 4145 898 4208 pro
910 4124 991 4187 bene
1002 4123 1121 4208 placito
1133 4124 1329 4209 disponentis
1341 4124 1425 4209 parit

474 4222 599 4288 diversa
623 4221 812 4287 charismata
837 4224 1010 4308 gratiarum
1036 4236 1067 4287 et
1092 4245 1269 4288 munerum.
1314 4228 1426 4299 Quum

472 4345 547 4389 vero
564 4335 672 4388 tantus
688 4334 779 4407 pater
794 4323 878 4389 hunc
894 4324 1140 4410 apprehenderit
1155 4326 1424 4410 interpretationis
