3575 5575
481 821 543 880 166
742 834 877 879 Jonnurs
893 829 1176 878 ssnnsnsnrensrs
1289 809 1371 890 [niu.
1388 827 1440 873 111.

484 1085 563 1170 Cap.
578 1089 610 1150 3.
635 1085 728 1160 Quod
737 1085 889 1168 superbio
900 1083 999 1146 radic
1009 1089 1060 1184 ⁴cot
1069 1082 1213 1144 omnium
1227 1082 1395 1158 malorum,
1407 1089 1440 1144 et

518 1191 776 1272 concupiscentia
790 1189 880 1270 lepra
893 1188 1150 1268 generalisque
1165 1203 1273 1247 omnes
1286 1184 1407 1266 inficit.

531 1344 703 1410 Surenam
718 1363 793 1406 vero
815 1340 906 1405 rodix
928 1339 1073 1405 omniurn
1093 1338 1251 1405 malorum
1273 1347 1333 1415 est,
1355 1358 1442 1402 mor·

484 1447 588 1535 tisque
617 1445 806 1512 fomentum.
859 1445 1021 1509 Areseunt
1046 1440 1150 1521 rivuli,
1180 1440 1207 1506 si
1236 1440 1332 1506 fontis
1359 1462 1443 1505 rena

485 1546 679 1634 praeciditur.
724 1546 795 1612 Nee
818 1547 898 1612 rami
921 1544 1157 1622 convalescunt,
1180 1542 1287 1608 radice
1308 1541 1442 1607 succisa.

487 1648 652 1714 Deficiunt
677 1647 764 1731 vitia,
789 1646 816 1714 si
841 1646 938 1712 elatio
957 1646 1135 1732 jugulatur.
1182 1647 1228 1709 At
1252 1644 1278 1708 si
1303 1656 1443 1708 stercora

487 1749 584 1817 radici
611 1761 834 1834 congerantur,
862 1749 1078 1834 pinguescunt
1106 1745 1198 1823 rami,
1224 1758 1258 1810 et
1282 1743 1442 1809 orontium

486 1851 633 1918 sterilitas
655 1850 837 1916 resilvescit.
883 1850 919 1914 si
940 1849 1021 1914 souti
1044 1848 1201 1937 liquentia
1222 1846 1445 1934 superfundas,

487 1953 625 2020 accessio
639 1952 752 2018 transit
766 1952 800 2016 in
816 1951 942 2018 rivulos.
987 1952 1023 2020 Si
1039 1952 1165 2017 camino
1179 1951 1287 2036 ignem
1303 1949 1445 2036 adjicias,

488 2057 522 2122 in
532 2056 620 2141 ligna
634 2054 819 2119 incendium
831 2053 1035 2120 recrudescit.
1077 2054 1131 2119 Sic
1145 2053 1171 2118 si
1186 2054 1307 2118 vitiatae
1320 2063 1446 2118 naturae

490 2158 635 2224 elationis
663 2157 784 2222 innatae
816 2155 956 2221 toxicum
988 2156 1103 2233 loreas,
1133 2155 1211 2243 quin
1242 2155 1350 2222 vitalia
1377 2155 1447 2242 ipsa

491 2261 690 2327 mortiferum
706 2260 791 2327 virus
811 2259 942 2332 inficiet.
959 2282 1020 2324 nec
1037 2259 1063 2325 si
1084 2259 1230 2337 volueris,
1246 2259 1364 2348 poteris
1385 2258 1446 2323 im·

492 2365 612 2452 pedire.
658 2364 718 2429 Est
731 2363 818 2429 enim
839 2363 989 2430 omnibus
1002 2375 1153 2428 nontam
1170 2374 1334 2448 cognatus,
1348 2385 1445 2450 quom

490 2469 618 2532 innatus
639 2490 730 2533 arnor
751 2467 810 2532 sui.
856 2467 919 2547 Qui
940 2466 966 2532 si
988 2467 1121 2532 modum
1141 2467 1322 2544 excesserit,
1344 2464 1446 2551 vergit

493 2569 532 2635 ad
548 2568 686 2655 culpam.
718 2568 840 2634 “Omnis
855 2567 942 2632 euim
958 2568 1057 2633 virtus
1072 2568 1136 2633 suis
1151 2568 1268 2657 linibus
1282 2567 1448 2645 limitatur,

492 2683 525 2738 et
539 2672 572 2739 in
588 2671 684 2736 modo
699 2669 853 2750 consistit.
885 2671 920 2737 Si
936 2673 1117 2750 excesseris,
1129 2671 1163 2736 iu
1176 2671 1265 2737 invio
1279 2693 1325 2750 es,
1335 2680 1368 2736 et
1383 2693 1448 2739 nou

492 2774 527 2839 io
541 2772 602 2847 via.
617 2772 666 2853 'Si
681 2795 772 2840 arnor
791 2771 843 2855 bic
865 2770 1046 2854 invaluerit,
1062 2795 1158 2838 uerno
1178 2784 1285 2859 speret
1298 2773 1340 2847 de
1362 2796 1449 2845 eura.

490 2878 604 2965 Lepra
629 2875 787 2961 siquidem
814 2883 875 2951 est,
900 2874 1106 2945 incurabilior
1135 2874 1223 2940 omni
1248 2876 1346 2962 lepra.
1396 2877 1450 2943 An

495 2970 598 3051 nescis
618 2974 908 3061 concupiscentiam
929 2975 1050 3061 lepram
1066 2975 1159 3041 esse?
1190 2976 1284 3043 Giezi
1303 2976 1452 3059 consule3

494 3075 533 3165 ,Si
559 3074 728 3145 erubuerit
756 3074 902 3153 confiteri
937 3075 1023 3162 quod
1052 3076 1160 3158 sentit,
1188 3077 1342 3155 convinco
1376 3100 1451 3152 eum

495 3179 622 3269 macula
637 3178 785 3264 corporis.
833 3178 899 3247 Sed
909 3179 992 3267 'quid
1010 3178 1084 3246 dieo
1099 3180 1193 3247 Giezi
1208 3182 1451 3259 consulendum,

493 3302 534 3354 ac
552 3281 580 3349 si
597 3280 682 3346 solus
704 3278 764 3353 sit?
795 3279 922 3355 Orbem
945 3280 1090 3357 conveni,
1111 3281 1188 3367 quie
1205 3292 1290 3359 totus
1315 3282 1456 3354 inlectus

497 3392 555 3450 ost.
601 3382 765 3469 Meipsum
787 3381 1044 3474 inter·roga;.qui
1064 3384 1253 3460 miserorum
1274 3408 1356 3451 uuus
1369 3408 1456 3451 sum.

499 3486 596 3569 Certe
619 3485 875 3575 coucupiscentia
893 3488 1012 3558 misera
1026 3497 1059 3553 et
1080 3487 1278 3559 miserabilis.
1291 3488 1381 3575 lepra
1393 3499 1454 3569 est.

500 3588 612 3669 Nescis
637 3587 718 3667 sorte
745 3586 821 3675 quid
847 3587 964 3657 dicam.
1018 3589 1294 3676 Concupiscentiae
1319 3602 1456 3677 pestem,

492 3691 624 3773 ,nescius
644 3690 837 3765 infirmitatis
859 3691 996 3777 ignoras,
1013 3692 1110 3757 homo
1129 3715 1194 3759 uon
1215 3694 1452 3779 concupiscens,

492 3806 533 3875 ,et
547 3794 580 3859 iu
596 3816 635 3858 eo
650 3792 930 3880 supralbominern
950 3793 1158 3877 constitutum
1183 3796 1249 3862 sed-
1260 3795 1349 3869 testis
1362 3816 1454 3867 meus

500 3896 536 3961 in
557 3896 638 3961 coelo
660 3896 774 3980 fidelis,
792 3919 919 3975 meeum
942 3898 1063 3975 asserit,
1085 3898 1163 3986 quia
1183 3920 1295 3968 ornnes
1316 3897 1455 3982 corrupti

502 4008 587 4076 sunt,
609 4008 643 4062 et
664 3999 894 4065 abominabiles
921 4000 996 4068 lecti
1018 4014 1104 4081 sunt,
1126 4023 1190 4067 nou
1212 4012 1261 4077 est
1281 4000 1339 4086 qui
1357 3999 1457 4077 iaciat

503 4097 635 4174 bouum,
656 4120 720 4162 non
743 4110 792 4163 est
814 4102 974 4187 usquead
994 4123 1104 4166 unum.
1151 4104 1204 4163 An
1224 4112 1260 4165 tu
1282 4100 1323 4164 sis
1338 4100 1404 4180 ille,
1419 4113 1456 4165 tu

504 4200 629 4265 viderie.
671 4199 744 4263 Scio
758 4202 845 4265 enim
860 4225 923 4266 nou
939 4226 1006 4268 esse
1021 4203 1108 4267 hunc
1125 4202 1275 4283 Paulum,
1290 4202 1346 4289 qui
1361 4201 1456 4288 hujus

504 4301 602 4391 pestis
612 4301 741 4366 incursu
752 4301 879 4385 clamat,
889 4317 922 4368 et
932 4305 1126 4390 ingemiseit:
1152 4304 1458 4389 lulelixegohomo‚

504 4410 576 4494 quis
592 4428 643 4471 me
659 4404 807 4472 liberabit
822 4406 863 4471 de
878 4429 1009 4493 corpore
1024 4408 1135 4481 mortis
1149 4407 1264 4493 hujus?
1287 4406 1360 4475 Scio
1374 4406 1460 4472 hune
