3575 5575
336 789 407 834 err.
423 774 499 852 xri]
697 790 952 838 mercatrices.
1222 777 1285 836 als
1355 831 1358 834 .

339 963 402 1025 que
441 945 573 1024 gratiam
611 965 761 1028 quaerere,
803 945 955 1008 solemnis
994 943 1041 1007 illi
1078 943 1285 1007 consuetudo.

340 1042 430 1105 Inter
443 1044 514 1108 hac
530 1042 712 1129 eloquentia
726 1058 759 1110 et
784 1047 920 1128 insignis
946 1046 1057 1123 oratio,
1083 1045 1239 1110 acuminis
1253 1055 1287 1108 et

198 1128 221 1144 ⁷
338 1145 475 1209 solertim
490 1149 596 1230 plena,
610 1158 720 1210 utnec
737 1147 860 1210 ornatui
887 1147 1034 1222 facilitas,
1057 1167 1117 1210 nec
1143 1145 1288 1210 facilitati
1326 1153 1334 1168 “

338 1245 535 1311 inventionis
557 1235 683 1312 deesset
704 1259 844 1312 ornatus.
889 1249 978 1311 Huic
999 1234 1185 1311 Alexander
1203 1247 1290 1312 filius

341 1348 510 1428 successit,
531 1362 564 1413 et
589 1351 702 1414 virtute
733 1361 765 1414 et
791 1351 879 1414 vitiis
904 1360 994 1433 patre
1019 1349 1129 1434 major.
1176 1351 1292 1435 Itaque
1382 1361 1384 1366 '

343 1450 492 1514 uincendi
523 1447 604 1516 ratio
641 1455 766 1537 utrique
803 1452 937 1516 diversa.
956 1453 1049 1515 '··'‘Hic
1082 1462 1200 1536 aperta,
1237 1454 1293 1516 ille

345 1549 466 1613 artibus
480 1552 567 1614 bella
585 1553 751 1635 tractabat.
796 1552 954 1635 Deceptis
974 1553 1029 1616 ille
1044 1553 1179 1634 gaudere
1192 1553 1294 1617 hosti·

344 1650 415 1726 bus,
438 1651 491 1715 hic
513 1654 619 1735 palam
641 1654 731 1717 fissis.
775 1652 968 1716 Prudentior
991 1654 1046 1717 ille
1072 1654 1219 1733 consilio,
1240 1655 1293 1720 hio

346 1752 456 1816 animo
495 1755 760 1836 magnificentior.
829 1758 914 1820 Iram
959 1766 1049 1839 pater
1086 1755 1296 1837 dissimulare,

347 1855 535 1937 plerumque
561 1856 657 1920 etiam
686 1859 832 1922 vincere:
869 1857 924 1921 hic
950 1857 1007 1921 ubi
1029 1859 1211 1936 exarsisset,
1234 1881 1297 1925 nec

348 1953 457 2018 dilatio
476 1957 620 2036 ultionis,
634 1981 695 2024 nec
711 1960 824 2023 modus
843 1970 920 2023 erat.
964 1960 1041 2023 Vini
1055 1959 1150 2023 nimis
1164 1969 1296 2046 uterque

348 2055 471 2129 avidus,
488 2058 546 2120 sed
569 2059 732 2124 ebrietatis
750 2059 875 2124 diversa
893 2060 979 2122 vitia.
1030 2059 1115 2124 Patri
1137 2082 1207 2126 mos
1230 2071 1298 2126 erat

349 2156 447 2220 etiam
471 2158 512 2220 de
537 2161 686 2224 convivio
711 2163 746 2224 in
769 2162 893 2224 hostem
917 2182 1114 2244 procurrere,
1130 2183 1164 2226 se
1179 2172 1297 2228 temere

350 2259 500 2339 periculis
522 2263 643 2325 offerre.
689 2262 872 2325 Alexander
894 2282 960 2324 non
984 2262 1019 2324 in
1043 2262 1162 2341 hostes,
1187 2263 1301 2330 sedin

350 2378 425 2422 suos
447 2362 609 2425 saeviebat.
664 2362 879 2434 Quamobrem
905 2380 991 2443 saepe
1017 2360 1207 2443 Philippum
1233 2365 1301 2426 vul-

352 2471 496 2525 neratum
530 2464 641 2546 praelia
672 2463 832 2541 remisere,
860 2461 915 2523 hic
949 2461 1125 2524 amicorum
1154 2463 1301 2530 interfec-

353 2572 455 2626 torum
483 2564 630 2628 convivio
656 2565 838 2648 frequenter
860 2563 1010 2627 excessit.
1056 2563 1203 2644 Regnare
1228 2588 1303 2630 cum

352 2666 463 2728 amicis
486 2667 541 2729 ille
565 2668 703 2746 volebat,
726 2667 780 2730 hic
805 2667 838 2728 in
865 2665 987 2728 amicos
1013 2685 1110 2746 regna
1124 2669 1305 2732 exercebat.

353 2766 463 2829 Amari
485 2779 576 2848 pater
603 2768 710 2844 malle,
733 2766 786 2829 bic
815 2765 925 2829 metui.
970 2765 1162 2847 Litterarum
1189 2769 1305 2847 cultus,

354 2870 480 2953 utrique
514 2869 636 2933 similis.
692 2869 835 2933 Solertiae
862 2878 951 2951 pater
976 2868 1115 2952 majoris,
1140 2869 1193 2933 hic
1219 2869 1305 2934 fidei.

354 2972 470 3035 Verbis
495 2981 591 3055 atque
615 2971 758 3034 oratione
785 2971 967 3053 Philippus,
992 2970 1045 3033 hic
1069 2971 1165 3034 rebus
1198 2971 1308 3035 mode·

356 3074 462 3136 ratior.
520 3073 678 3137 Parcendi
704 3073 808 3149 victis,
835 3072 904 3134 filio
927 3072 1051 3135 animus
1075 3074 1253 3155 promptior
1277 3081 1310 3135 et

358 3174 531 3237 honestior.
586 3174 773 3254 Frugalitati
802 3185 903 3257 pater,
928 3174 1066 3237 luxuriae
1092 3172 1178 3237 filius
1207 3175 1310 3255 magis

359 3274 488 3338 deditus
513 3286 589 3339 erat.
642 3275 767 3347 Quibus
792 3274 913 3338 artibus
937 3274 1023 3337 orbis
1047 3274 1171 3357 imperii
1196 3274 1308 3339 funda·

361 3386 468 3439 menta
485 3386 575 3460 pater
582 3374 675 3458 jecit,
689 3375 796 3456 operis
811 3374 892 3438 tanti
906 3374 1039 3457 gloriam
1056 3373 1142 3437 filius
1161 3395 1311 3438 consum·

361 3478 469 3540 mavit.
520 3480 581 3540 Ast
601 3478 634 3539 in
660 3498 725 3539 uno
746 3497 811 3540 non
835 3475 931 3539 modo
955 3476 1064 3558 patria,
1087 3476 1145 3539 sed
1170 3477 1313 3540 omnium

361 3580 571 3659 ingenuorum
584 3577 781 3641 transcendit
791 3578 879 3653 vitia,
892 3577 978 3661 quod
989 3578 1314 3642 incontinentissimae

360 3678 423 3740 fuit
437 3677 577 3754 invidia,
590 3677 671 3741 adeo
686 3688 723 3740 ut
738 3678 834 3740 etiam
842 3677 970 3759 paterni
981 3676 1135 3760 triumphi
1151 3678 1181 3740 ei
1196 3677 1314 3741 lachri-

364 3798 432 3840 mas
457 3785 698 3859 extorquerent,
721 3796 759 3837 ac
786 3776 813 3838 si
839 3776 870 3837 ei
894 3776 993 3837 virtus
1016 3785 1150 3857 patema
1173 3778 1315 3841 omnium

363 3878 574 3962 gerendorum
610 3878 795 3961 praeriperet
832 3877 974 3957 gloriam.
1033 3877 1102 3940 Eos
1134 3878 1231 3940 etiam
1264 3888 1319 3941 aut

365 3979 505 4063 propriis
528 3978 676 4040 manibus
701 3976 925 4054 interficiebat,
943 3986 999 4040 aut
1017 3976 1087 4059 rapi
1107 3977 1319 4061 praecipiebat

366 4081 408 4145 ad
424 4102 563 4165 poenam,
590 4079 647 4163 qui
670 4086 812 4160 patemae
836 4078 959 4141 virtutis
983 4079 1144 4161 praeconia
1166 4079 1321 4164 praedica·

370 4184 456 4244 bant.
515 4184 558 4244 At
596 4180 796 4263 Pythagoras
835 4178 922 4264 apud
966 4177 1183 4263 Philosophus
1226 4191 1322 4245 tanta

370 4284 477 4345 extitit
498 4283 706 4361 auctoritatis,
727 4292 764 4347 ut
779 4282 820 4345 ad
836 4282 980 4345 omnium
1003 4282 1215 4364 quaestionum
1237 4279 1322 4342 deci-

368 4385 490 4447 sionem
517 4385 685 4456 sufficeret‚
700 4383 728 4445 si
751 4384 785 4445 in
799 4393 890 4465 parte
917 4382 1096 4445 crederetur
1121 4380 1321 4461 Pythagoras
