3575 5575
357 784 429 842 eae.
446 779 494 857 ro]
707 795 961 840 nourouarreus.
1250 783 1307 841 191

358 947 574 1011 testimonium
602 954 660 1009 est.
707 947 789 1010 Iude
818 958 867 1010 est
887 946 987 1010 illudr
1019 947 1183 1009 Romanus
1210 945 1314 1010 omnis

356 1047 542 1111 adulatione
557 1047 779 1129 corrumpitur,
794 1058 848 1109 aut
863 1047 1047 1130 corrumpit.
1092 1047 1186 1110 Certe
1203 1046 1229 1110 si
1244 1067 1310 1109 nou

357 1149 472 1227 verbis,
487 1156 623 1232 possunt
637 1169 749 1210 omnes
763 1148 973 1213 fraudulentis
988 1148 1172 1210 muneribus
1188 1169 1311 1230 expug-

355 1252 432 1314 nari.
477 1251 523 1313 Et
544 1271 626 1334 quos
649 1251 839 1311 munuscula
859 1271 925 1312 nou
949 1250 1118 1334 dejiciunt,
1137 1250 1311 1314 bonoribus
1358 1271 1361 1276 ·

356 1352 537 1434 capiuntur.
587 1350 685 1414 Urbis
710 1350 866 1432 auspicia,
888 1352 1057 1432 sacrilegio
1084 1351 1258 1434 parricidii,
1280 1361 1312 1414 et

356 1454 485 1516 fraterni
508 1451 674 1532 sauguinis
703 1471 825 1529 cruore,
851 1453 1039 1515 numinibus
1065 1455 1132 1516 suis
1155 1454 1311 1516 Romulus

359 1553 568 1616 consecravit.
588 1550 717 1613 Deinde
726 1551 901 1613 lemuribus
912 1551 1090 1627 infestatus,
1100 1552 1220 1615 honore
1230 1573 1311 1616 vano

360 1652 508 1716 simulata
537 1651 828 1714 communicatione
856 1651 992 1734 imperii,
1017 1653 1143 1714 fratrem
1172 1655 1312 1736 placarit

358 1755 512 1818 occisum.
557 1754 641 1818 Suos
664 1773 794 1836 quoqne
818 1753 1040 1836 Imperatores,
1061 1774 1141 1836 quos
1164 1753 1203 1817 de
1226 1776 1311 1818 more

358 1856 527 1918 Romanus
549 1855 688 1937 populus
706 1854 844 1917 fideliter
861 1854 1040 1940 jugulabat,
1057 1854 1218 1920 deificavit
1232 1856 1311 1920 fide·

357 1955 421 2018 lius
445 1955 532 2018 inani
555 1955 681 2032 solatio,
702 1953 871 2036 perfidiam
898 1966 1079 2038 praetexens
1101 1957 1312 2036 manifestam,

358 2056 491 2138 perinde
519 2077 557 2119 ac
589 2057 615 2118 si
646 2055 896 2119 sorbitiunculas
926 2057 967 2135 ei,
996 2078 1091 2140 quem
1126 2071 1312 2140 peremerat,

360 2157 565 2220 ministraret:
589 2177 708 2241 eosque
724 2157 957 2220 mentiebantur
967 2155 1000 2218 iu
1016 2169 1130 2220 sortem
1148 2160 1310 2224 transiisse

359 2257 535 2330 numinum,
562 2257 651 2321 acsi
677 2259 760 2321 coelo
786 2280 844 2321 suo
868 2257 1053 2342 mundoque
1078 2261 1228 2340 regendo,
1250 2260 1311 2325 nisi

358 2359 502 2441 tyrannis
525 2358 668 2436 adscitis,
685 2359 915 2442 omnipotentis
936 2381 1002 2422 nou
1025 2360 1166 2423 sufficiat
1187 2383 1310 2426 manus.

359 2459 451 2522 Facti
474 2470 549 2521 suut
571 2479 647 2540 ergo
671 2458 737 2520 divi
761 2458 931 2540 indigetes,
954 2469 1019 2537 aut,
1043 2471 1079 2522 ut
1100 2461 1170 2523 aliis
1195 2461 1311 2544 placet,

357 2559 484 2631 heroes,
503 2580 583 2643 quos
597 2581 657 2622 uec
678 2559 773 2621 etiam
796 2559 938 2621 humana
957 2569 1040 2623 sorte
1062 2559 1177 2640 dignos
1191 2563 1310 2625 Roma-

357 2680 471 2721 norum
485 2658 622 2742 perfidia
641 2658 807 2739 reputavit.
852 2659 1004 2720 Tractum
1021 2669 1069 2722 est
1083 2660 1160 2723 hiuc
1183 2683 1310 2740 nomeu,

359 2781 423 2843 quo
438 2760 603 2843 principes
619 2759 768 2821 virtutum
784 2757 895 2835 titulis,
910 2768 943 2821 et
956 2779 1037 2821 verae
1053 2759 1129 2822 fidei
1144 2761 1216 2825 luce
1232 2782 1313 2845 prae·

359 2860 479 2940 signes,
495 2881 530 2923 se
545 2859 637 2923 divos
660 2859 809 2937 audeant,
824 2859 942 2923 nedum
966 2860 1127 2942 gaudeant
1149 2866 1311 2947 appellari,

360 2962 460 3024 reteri
471 2961 602 3045 quidem
618 2960 852 3025 consuetudine
863 2962 959 3025 etiam
970 2964 1005 3024 in
1017 2964 1105 3042 vitio,
1117 2974 1150 3028 et
1161 2966 1312 3030 adversus

358 3061 458 3124 fidem
484 3062 676 3126 catholicam
708 3062 883 3125 obtinente.
939 3064 974 3126 Si
1001 3086 1074 3127 vero
1099 3067 1242 3130 veniatur
1270 3068 1312 3131 ad

359 3165 466 3241 verba,
476 3164 511 3225 iu
526 3184 565 3227 eo
574 3162 643 3247 jam
659 3164 826 3227 Romanus
838 3164 1023 3229 Graecorum
1039 3166 1207 3248 perfidiam
1222 3182 1312 3233 aute·

364 3263 462 3343 cedit,
477 3264 532 3348 qui
547 3285 585 3327 eo
600 3285 703 3348 usque
719 3264 872 3327 adulandi
887 3266 1082 3329 lenocinium
1106 3266 1227 3344 docuit,
1242 3280 1278 3333 ut
1293 3292 1312 3333 a

359 3362 456 3428 docili
481 3366 604 3449 populo
633 3365 806 3429 facilimine
830 3376 1016 3431 transeatur.
1061 3370 1168 3433 Voces
1194 3370 1310 3455 quibus

358 3466 527 3529 mentimur
541 3466 691 3543 dominis,
707 3466 782 3530 dum
802 3468 1054 3549 singularitatem
1069 3469 1189 3535 bonore
1206 3474 1311 3537 multi-

358 3562 481 3625 tudinis
496 3565 694 3642 decoramus,
711 3570 797 3631 natio
813 3569 883 3632 haec
904 3570 1038 3648 invenlt,
1053 3572 1142 3635 etad
1157 3572 1311 3638 finitimos

357 3674 567 3747 posterosque
594 3668 642 3728 sui
668 3669 807 3732 nominis
836 3671 1023 3734 auctoritate
1049 3671 1232 3737 transmisit.
1277 3676 1311 3739 Si

358 3763 489 3848 quaudo
513 3765 641 3848 quaeris,
668 3766 750 3829 illud
773 3768 832 3830 tibi
855 3780 983 3852 tempus
1004 3782 1159 3847 occurrat,
1181 3793 1245 3854 quo
1272 3774 1310 3837 C.

358 3867 478 3945 Caesar,
489 3887 613 3929 exuens
628 3866 738 3929 nescio
754 3888 794 3930 au
810 3868 979 3949 perficiens
995 3870 1193 3945 dictatorem,
1204 3874 1312 3938 omnia

356 3964 473 4046 factus,
487 3968 595 4030 omnia
613 3969 793 4050 occupavit.
839 3969 932 4033 Illius
953 3982 1039 4034 certe
1063 3971 1214 4053 temporis
1233 3976 1311 4038 mihi

358 4088 443 4151 saepe
456 4069 596 4132 occurrit
606 4069 724 4151 image,
736 4090 837 4154 quum
848 4070 890 4133 ad
901 4071 1087 4165 potentioris
1102 4083 1225 4154 nutum,
1236 4080 1311 4141 sub·

353 4168 513 4251 jectorum
528 4171 636 4234 omnia
647 4170 865 4255 disponantur,
877 4185 909 4235 et
920 4174 994 4237 licet
1005 4174 1112 4237 animo
1124 4178 1312 4256 reluctante,

357 4268 391 4328 in
407 4269 529 4350 seipsos
551 4271 654 4353 parati
676 4284 752 4335 suut
774 4272 875 4352 exilii,
891 4284 948 4336 aut
968 4274 1078 4337 mortis
1101 4275 1221 4341 dictare
1239 4298 1311 4340 sen-

360 4368 504 4435 tentiam.
547 4370 639 4434 Hine
663 4358 782 4457 qnippe
805 4383 947 4457 potestas
969 4373 1135 4452 terribilis3
1157 4377 1233 4440 lriuc
1256 4399 1312 4441 an-
