3575 5575
506 842 569 900 254
769 854 906 900 Joaaurs
923 851 1202 898 saansanaransrs
1317 833 1397 912 [arn.
1415 849 1458 893 rv.

503 1006 652 1070 muliebri
681 1004 868 1069 infirmitate
899 1002 1007 1088 legens
1038 1002 1182 1087 vestigia.
1229 999 1457 1085 Compatriotis

501 1106 650 1171 omnibus
663 1106 778 1171 ducem
803 1101 905 1182 dedit,
920 1102 1022 1166 virum
1048 1103 1153 1177 armis,
1170 1112 1201 1165 et
1229 1098 1348 1184 pietate
1373 1120 1456 1183 prae·

500 1209 633 1294 signem.
679 1205 770 1271 Alias
792 1203 874 1268 enim
902 1202 970 1268 dux
999 1216 1080 1268 esset
1102 1201 1236 1281 inutilis,
1257 1222 1359 1286 quum
1389 1199 1455 1263 sine

499 1309 621 1373 viribus
646 1330 744 1393 regna
769 1305 891 1391 acquiri
914 1327 977 1368 non
1005 1304 1140 1379 valeant,
1161 1314 1218 1367 aut
1241 1302 1307 1366 sine
1326 1301 1454 1388 justitia

500 1409 637 1474 retineri.
682 1412 779 1474 Nunc
800 1398 879 1469 vero
902 1406 1043 1468 oinnium
1070 1405 1165 1469 unica
1188 1403 1370 1468 sollicitudo
1392 1415 1453 1468 est,

498 1511 625 1586 liberos,
637 1513 874 1595 qualescunque
886 1507 960 1585 sint,
970 1507 1090 1572 divitiis
1099 1521 1132 1572 et
1146 1506 1321 1573 honoribus
1333 1506 1451 1591 potius,

498 1635 596 1699 quam
620 1612 794 1676 virtutibus
808 1609 969 1696 insignire.
1015 1610 1202 1695 Negligitur
1224 1608 1339 1674 etenim
1363 1608 1450 1694 quod

498 1738 579 1779 onus
598 1711 784 1796 reipublicae
803 1712 994 1797 imponatur.
1041 1711 1189 1797 Expulso
1208 1711 1355 1795 Superbo
1373 1713 1451 1774 Tar-

497 1814 620 1900 quinio,
632 1814 689 1901 qui
704 1811 847 1896 regnavit
859 1812 891 1875 in
909 1812 987 1876 urbe
999 1814 1199 1888 novissimus,
1211 1833 1310 1898 quum
1326 1815 1449 1876 Brutus

496 1915 619 2002 primus
642 1912 761 1980 Consul
780 1911 896 1977 liberos
918 1935 991 1976 suos
1013 1913 1053 1976 de
1075 1909 1259 1976 revocandis
1281 1911 1313 1975 in
1337 1912 1447 1976 urbem

495 2015 624 2100 regibus
643 2036 736 2099 agere
756 2012 965 2096 cognovisset,
981 2035 1033 2078 eos
1053 2013 1212 2098 protraxit
1229 2012 1261 2075 in
1284 2011 1401 2090 forum,
1417 2022 1449 2076 et

495 2115 528 2179 in
544 2114 648 2179 media
662 2115 810 2177 concione
824 2114 924 2198 virgis
943 2137 1051 2194 caesos,
1065 2115 1193 2178 tandem
1209 2117 1310 2178 securi
1324 2115 1448 2200 percuti

491 2217 600 2303 jussit,
615 2228 652 2281 ut
672 2217 766 2303 plane
787 2215 935 2301 publicus
957 2238 1080 2301 parens,
1094 2216 1127 2278 in
1150 2215 1253 2280 locum
1277 2216 1448 2280 liberorum

493 2317 657 2382 videretur
685 2316 841 2402 populum
876 2316 1053 2403 adoptasse.
1107 2319 1181 2402 Ego
1217 2317 1356 2403 quidem,
1387 2317 1444 2382 etsi

405 2449 410 2452 ·
492 2419 698 2503 parricidium
717 2418 965 2505 perhorrescam,
981 2418 1129 2483 Consulis
1152 2440 1214 2483 non
1230 2441 1359 2504 possum
1381 2442 1442 2482 non

491 2521 669 2606 approbare
683 2520 790 2595 fidem,
807 2524 867 2605 qui
886 2521 999 2584 maluit
1020 2520 1154 2586 salutem
1174 2522 1348 2586 liberorum
1372 2545 1444 2585 suo-

490 2643 564 2686 rum
579 2622 764 2708 periclitari,
778 2644 874 2707 quam
890 2623 1010 2708 populi.
1050 2621 1150 2688 Recte
1165 2646 1204 2687 ne
1218 2623 1339 2700 lecerit,
1351 2623 1441 2710 judi-

489 2735 561 2789 cent
576 2725 743 2811 sapientes.
782 2727 856 2812 Ego
878 2726 962 2791 enim
982 2749 1130 2813 campum
1146 2726 1241 2791 istum
1263 2727 1443 2793 oratoribus

488 2827 552 2893 late
567 2842 677 2915 patere
696 2830 843 2915 cognovi,
858 2842 891 2893 et
907 2829 939 2893 in
961 2853 998 2893 eo
1014 2829 1240 2896 declamatores
1261 2830 1293 2893 in
1309 2830 1443 2917 ancipiti

487 2931 620 2995 materia
640 2931 756 3017 saepius
777 2931 959 3013 desudasse,
974 2932 1051 2996 dum
1075 2932 1107 2995 in
1123 2932 1321 2998 absolutione
1340 2934 1440 3019 parri-

487 3031 559 3097 cidii
587 3032 666 3097 fides
688 3033 822 3114 laborat,
844 3045 876 3097 et
899 3034 1097 3119 parricidalis
1120 3034 1268 3121 impietas
1292 3036 1440 3099 meritum

486 3133 560 3198 fidei
574 3148 708 3200 conatur
727 3136 925 3221 extinguere.
964 3136 1058 3210 Quod
1081 3136 1106 3201 si
1126 3159 1176 3199 me
1191 3136 1232 3200 ad
1255 3137 1440 3202 sententiam

484 3259 590 3323 urges,
621 3238 797 3325 respondeo
827 3239 916 3325 quod
943 3239 976 3302 in
1005 3262 1100 3304 causa
1131 3240 1312 3327 Smyrnensi
1340 3244 1440 3304 Areo-

483 3340 609 3423 pagitas
625 3343 684 3409 Cn.
698 3341 875 3406 Dolabellae
890 3342 1017 3405 invenio
1028 3346 1236 3429 respondisse.
1270 3342 1320 3407 Ad
1332 3364 1440 3427 quem,

480 3441 674 3525 provinciam
699 3443 810 3508 Asiam
832 3445 1052 3529 proconsulari
1074 3445 1208 3531 imperio
1230 3446 1438 3525 obtinentem,

480 3542 593 3608 mulier
610 3545 809 3629 Smyrnensis
823 3544 965 3611 adducta
980 3559 1039 3626 est,
1056 3547 1209 3612 confitens
1225 3570 1258 3611 se
1273 3546 1437 3623 maritum,

478 3656 510 3709 et
533 3644 646 3727 tilium,
661 3646 744 3729 datis
766 3647 846 3710 clam
872 3648 1011 3724 venenis,
1033 3649 1196 3727 occidisse,
1220 3673 1258 3715 eo
1280 3649 1368 3735 quod
1390 3648 1436 3712 illi

478 3747 579 3812 filium
594 3748 666 3835 ejus
680 3772 720 3812 ex
731 3747 832 3814 altero
844 3750 1046 3815 matrimonio
1060 3752 1231 3837 optimum,
1244 3768 1276 3817 et
1289 3752 1435 3816 innocen-

478 3849 634 3913 tissimum
645 3852 797 3938 juvenem
813 3863 984 3938 exceptum
1001 3851 1124 3917 insidiis
1144 3854 1289 3939 nequiter
1303 3851 1433 3915 occidis-

476 3963 557 4030 sent,
571 3952 631 4015 sibi
649 3955 775 4018 licitum
795 3976 861 4018 esse
876 3976 1016 4018 asserens
1036 3977 1075 4017 ex
1091 3954 1291 4040 indulgentia
1312 3951 1431 4036 legum,

476 4059 509 4110 ct
519 4048 575 4133 jus
589 4050 747 4134 ignorare,
763 4066 795 4117 et
811 4076 913 4130 suam,
929 4065 961 4117 et
984 4074 1126 4131 suorum,
1142 4066 1173 4118 et
1190 4052 1287 4117 totius
1301 4053 1430 4136 reipub-

476 4147 545 4214 licae
561 4172 638 4229 suae,
654 4164 720 4216 tam
735 4167 874 4219 atrocem
888 4156 1038 4242 injuriam
1057 4155 1224 4220 vindicare.
1263 4155 1286 4217 J
1289 4177 1326 4217 us
1340 4169 1433 4217 extra

477 4274 604 4318 causam
620 4267 699 4332 erat,
715 4278 816 4341 quum
828 4257 868 4322 de
879 4258 965 4323 facto
980 4269 1146 4336 constaret,
1157 4270 1189 4322 et
1204 4258 1244 4322 de
1254 4258 1330 4342 jure
1346 4279 1433 4343 quae-

474 4367 605 4420 reretur.
645 4357 752 4434 Quum
768 4380 846 4443 ergo
867 4356 1036 4424 Dolabella
1050 4380 1115 4423 rem
1137 4360 1170 4423 in
1186 4358 1353 4425 concilium
1377 4358 1433 4424 de-

472 4454 626 4540 duxisset,
640 4481 702 4523 non
718 4459 777 4524 suit
794 4460 861 4545 qui,
876 4462 909 4524 in
925 4484 1020 4527 causa
1035 4475 1071 4527 ut
1094 4464 1273 4549 putabatur
1289 4462 1431 4549 ancipiti,
