3575 5575
337 835 406 880 car.
423 817 534 897 xvrrnl
689 829 943 877 rorrcnarrcos.
1250 820 1291 877 95

337 985 506 1049 ciosissime
536 985 756 1072 prolabantur.
817 983 927 1046 Primo
957 1003 1094 1067 namque
1123 1004 1173 1044 res
1211 1005 1291 1067 quas

335 1101 450 1154 natura
465 1091 584 1154 creavit
602 1088 791 1167 discutiunt,
805 1107 922 1172 easque
947 1084 1166 1169 multipliciter
1188 1085 1292 1148 inves-

337 1191 452 1275 tigant,
475 1213 559 1255 nunc
582 1189 746 1276 quomodo
770 1211 811 1253 ex
835 1187 982 1275 partibus
1004 1187 1082 1264 suis,
1102 1208 1186 1252 nnnc
1210 1209 1290 1272 quo-

337 1294 431 1355 modo
442 1315 481 1356 ex
493 1290 625 1357 materia
637 1304 668 1356 et
679 1291 782 1355 forma
793 1299 938 1355 constant
951 1287 1156 1373 inquirentes.
1196 1288 1290 1365 Quod

337 1407 375 1458 ut
389 1393 515 1460 facilius
529 1393 661 1480 possint,
676 1413 825 1456 sensuum
842 1390 924 1454 vires
925 1403 1084 1489 ffiumnt,
1099 1402 1131 1455 et
1152 1390 1291 1454 intellec-

329 1494 773 1590 QQQQ·
812 1480 857 1556 Et
873 1493 953 1578 quia
967 1475 1116 1555 sensbiriir
1154 1492 1248 1558 ebetu
1273 1517 1292 1555 ο

338 1617 444 1659 rerum
460 1617 684 1679 corporearum
700 1606 846 1656 naturam
867 1614 929 1654 non
953 1591 1197 1674 transgreditur,
1212 1615 1292 1677 pau·

337 1695 426 1760 latim
456 1695 590 1762 aliorum
623 1694 779 1759 beneficio
808 1694 849 1757 ad
889 1692 1056 1757 subtiliora
1084 1708 1292 1779 consurgunt.

337 1797 434 1863 Visus
448 1798 565 1862 etenim
580 1797 613 1860 in
630 1795 698 1862 solo
713 1817 858 1881 corporo,
874 1817 979 1880 eoque
992 1807 1159 1879 prasente,
1174 1795 1293 1859 colores

325 1878 462 1964 Ὲῖιῖἶη]
487 1911 521 1964 et
547 1899 741 1985 quantitates
765 1895 933 1966 examinat.
960 1908 991 1958 et
1015 1895 1145 1978 figuras.
1183 1898 1312 1992 Q

339 2005 426 2066 solus
440 2000 595 2086 contingit
611 1999 771 2063 auditum.
818 1998 944 2065 Gustus
957 1995 998 2060 de
1020 1998 1186 2081 saporibus
1202 1999 1292 2085 judi·

337 2117 399 2170 cat.
444 2103 620 2170 Olfaci‘endi
639 2102 685 2166 vis
700 2102 734 2166 in
755 2085 993 2166 odffiffiu
1007 2116 1160 2167 versatur.
1206 2103 1293 2180 Quid

338 2195 675 2292 duruffiJqfflll‘ffitlle
690 2206 741 2285 sit,
758 2205 836 2291 quid
852 2204 933 2281 lene,
949 2203 1026 2290 quid
1042 2226 1201 2291 asperum,
1212 2204 1293 2291 quid

337 2307 562 2392 ponderosum,
577 2307 657 2393 quid
681 2306 761 2384 leve,
778 2307 857 2392 quid
882 2307 1021 2371 calidum
1046 2320 1104 2370 aut
1127 2306 1293 2392 frigidum,

338 2409 419 2494 quid
434 2409 602 2475 humidum
618 2411 659 2474 sit
678 2422 735 2473 aut
750 2412 880 2491 siccum,
897 2422 1003 2475 tactus
1026 2409 1187 2475 discernit.
1233 2413 1294 2474 Est

337 2509 499 2577 interdum
528 2510 642 2594 figurae
672 2509 865 2596 explorator,
887 2522 920 2574 et
950 2508 1141 2596 quantitatis
1160 2522 1193 2574 et
1215 2532 1293 2596 pon-

337 2611 423 2676 deris
445 2612 597 2677 conscius.
642 2612 796 2704 DQm
818 2633 949 2696 quoque
972 2610 1119 2697 percipit,
1134 2623 1166 2674 et
1182 2610 1293 2707 Q

339 2727 449 2799 tatem.
496 2714 595 2800 Isque
610 2735 667 2799 per
681 2734 789 2776 omnes
804 2713 870 2776 fere
884 2713 1001 2776 sensati
1024 2711 1165 2797 corporis
1187 2725 1293 2798 partes

335 2807 545 2895 diffsrirditur,
560 2815 705 2900 adeoque
720 2814 833 2880 animae
851 2812 1016 2878 colraerens
1037 2825 1097 2890 est,
1114 2826 1150 2877 ut
1172 2836 1210 2877 eo
1232 2814 1295 2879 dis-

340 2914 471 2979 cedente
486 2913 633 2979 videatur
655 2929 686 2979 et
711 2924 779 2979 tota
800 2913 942 2999 corporis
956 2914 1024 2978 vita
1045 2911 1213 2980 discedere.
1261 2915 1294 2979 Si
1407 2951 1413 2962 =

340 3039 415 3079 vero
430 3039 597 3102 corporum
609 3016 787 3081 absentium
804 3016 957 3102 praefatas
969 3014 1179 3101 proprietates
1189 3018 1294 3103 iuqui-

340 3119 394 3197 ris,
417 3120 462 3182 eis
484 3117 543 3183 tibi
574 3130 674 3183 tracta
698 3117 905 3183 similitudine
929 3118 970 3181 ab
1001 3117 1052 3181 his
1081 3139 1160 3203 quas
1186 3140 1295 3182 sensus

339 3222 481 3303 agnomt,
510 3218 628 3305 poterit
658 3218 843 3301 imaginatio
874 3229 1077 3304 praesentare,
1100 3239 1174 3302 quae
1205 3230 1296 3283 tanto

339 3319 399 3385 erit
410 3320 544 3396 fidelior,
557 3332 677 3406 quanto
688 3319 865 3406 expressior
877 3319 975 3383 fuerit
989 3318 1174 3384 similitudo.
1197 3319 1295 3383 Unde

237 3491 244 3506 ,
340 3436 370 3486 et
387 3423 521 3509 Tityrus
535 3422 623 3508 apud
639 3426 816 3497 Maronem,
832 3444 896 3485 non
912 3435 1064 3487 assecutae
1080 3420 1295 3487 similitudinis

342 3523 420 3587 vitio
440 3524 561 3609 lapsam
579 3524 636 3588 sibi
652 3525 800 3610 queritur
815 3523 1085 3609 imaginationem.

448 3657 548 3709 Urbem
561 3674 639 3725 quam
651 3656 740 3709 dicunt
752 3656 873 3723 Romam,
887 3657 1023 3722 Meliboee,
1036 3659 1126 3728 putari

448 3742 549 3794 Stultus
562 3759 611 3805 ego
622 3741 682 3793 huic
693 3747 789 3795 nostrae
801 3742 923 3807 similem,
935 3760 985 3811 quo
996 3758 1068 3813 saepe
1080 3740 1190 3794 solemus

446 3828 570 3880 Pastores
581 3827 667 3878 ovium
679 3831 780 3877 teneros
791 3825 924 3897 depellere
934 3824 1025 3878 fatus:

445 3914 545 3967 Verum
557 3911 614 3965 haeo
626 3914 727 3963 tanturn
741 3909 807 3963 alias
818 3910 885 3963 intor
897 3916 975 3982 caput
986 3909 1081 3963 exuriit
1091 3911 1177 3976 urbes,

446 4000 581 4062 Quantum
591 3997 664 4050 lenta
675 3996 759 4049 solent
768 3997 836 4049 inter
846 3997 956 4049 viburna
967 3998 1090 4069 cupressi.

345 4119 399 4183 Sin
423 4131 529 4183 autem
552 4113 741 4179 familiarius
762 4116 953 4199 expresserit
976 4114 1022 4178 rei
1044 4114 1293 4196 similitudinem,

343 4220 445 4285 fidelis
459 4233 490 4284 et
507 4242 582 4283 vera
592 4235 640 4283 est
651 4216 848 4302 imaginatio,
861 4217 949 4303 quali
961 4217 1065 4283 utitur
1075 4219 1296 4288 Andromache

344 4324 431 4408 apud
446 4321 636 4406 Virgilium:

449 4446 473 4497 Ο
486 4446 549 4497 mihi
561 4446 618 4497 sola
627 4446 679 4495 mei
692 4460 769 4514 super
781 4443 952 4511 Astyanactis
962 4445 1057 4509 imago,
