3575 5575
340 819 409 865 car.
425 803 473 883 x.]
687 821 940 868 rotroamcus.
1225 811 1289 870 249

339 994 484 1036 excessus
505 971 607 1035 omnis
628 971 660 1035 in
686 972 803 1060 culpa3
836 974 1057 1059 bonarumque
1082 997 1190 1039 rerum
1213 998 1287 1040 con·

340 1072 477 1138 suetudo
491 1073 600 1151 nimia,
616 1073 752 1160 pessima
765 1086 822 1138 est.
868 1073 966 1138 Unde
981 1074 1136 1140 Ethicus:

443 1199 536 1254 lusani
547 1201 652 1271 sapiens
662 1215 757 1252 nomen
768 1197 843 1264 seret,
854 1215 946 1266 aequus
957 1199 1037 1268 iniqui
1047 1219 1054 1264 ;

444 1287 524 1340 Ultra
533 1303 612 1354 quam
622 1285 687 1338 satis
698 1290 748 1351 est,
760 1285 881 1338 virtutem
893 1286 916 1338 si
927 1291 1000 1356 petet
1010 1287 1102 1358 ipsam.

338 1400 383 1461 Et
399 1397 632 1484 Philosophus:
656 1398 744 1462 Cave
759 1397 848 1483 quod
862 1410 910 1463 est
925 1398 1071 1476 nimium,
1086 1399 1164 1486 quia
1179 1401 1204 1465 si
1220 1402 1287 1468 hoec

340 1501 410 1587 ipsa
438 1498 563 1564 cautela
590 1496 778 1562 modestiam
804 1496 932 1574 deserit,
956 1521 994 1562 eo
1022 1500 1093 1585 ipso
1117 1523 1136 1564 a
1161 1503 1288 1570 tramite

341 1599 482 1674 virtutis,
509 1599 635 1664 incaute
664 1597 793 1664 recedit.
843 1597 990 1662 Salomon
1018 1622 1167 1686 quoque:
1202 1603 1288 1681 Noti,

342 1699 457 1785 inquit,
473 1723 540 1764 esse
553 1699 648 1764 nimis
657 1700 777 1787 justus.
808 1699 896 1774 Quid
911 1721 988 1785 ergo
1002 1699 1134 1766 nimium
1150 1703 1290 1789 prodest,

343 1799 369 1863 si
392 1801 502 1886 regina
523 1801 679 1866 virtutum
701 1800 841 1888 justitia,
864 1800 896 1864 in
919 1800 968 1865 sui
991 1801 1154 1868 nimietate
1175 1799 1288 1870 obest?

341 1902 428 1967 Alibi
440 1926 583 1990 quoque:
602 1902 709 1968 Nimia
717 1903 891 1983 humilitas,
899 1902 1034 1967 maxima
1046 1926 1121 1989 pars
1132 1907 1289 1992 superbiae

341 2016 398 2067 est.
438 2001 487 2068 Ad
502 2003 660 2068 sinistram
675 2001 833 2066 declinare
846 2015 905 2080 est,
917 2024 975 2089 per
989 2002 1127 2088 abrupta
1140 2005 1290 2071 vitiorum

341 2126 361 2166 a
376 2103 426 2167 via
438 2103 594 2169 virtutum
608 2101 766 2168 declinare
776 2102 824 2167 vel
836 2103 972 2167 deviare.
1004 2104 1098 2185 Item,
1109 2095 1290 2172 deflectitur

341 2206 381 2270 ad
398 2204 567 2283 sinistram,
582 2192 638 2293 qui
658 2205 690 2268 in
713 2206 929 2292 subjectorum
945 2205 1048 2292 culpis
1063 2205 1155 2272 nimia
1170 2231 1290 2294 pronus

342 2321 390 2373 est
404 2307 445 2372 ad
461 2308 645 2384 vindictam,
660 2306 748 2372 etad
763 2307 907 2372 dextram
923 2329 1066 2392 gressum
1082 2313 1290 2396 torquet,qui

340 2410 602 2497 delinquentibus
615 2432 656 2473 ex
671 2409 914 2473 mansuetudine
926 2407 1019 2473 nimis
1029 2407 1184 2494 indulget.
1224 2411 1292 2476 Iter

343 2524 450 2575 autern
473 2522 649 2596 utrumque
670 2509 800 2574 devium
821 2522 881 2588 est,
897 2510 952 2574 sed
966 2509 1054 2595 quod
1077 2509 1118 2574 ad
1132 2510 1290 2578 sinistram

342 2610 446 2697 vergit
463 2610 667 2697 perniciosius
682 2622 740 2674 est.

364 2876 445 2959 cap.
464 2878 513 2938 10.
539 2873 626 2949 Quid
638 2876 793 2938 utilitatis
806 2874 845 2937 de
858 2877 953 2937 cultu
959 2875 1097 2954 justitio
1108 2877 1273 2959 principes

694 2978 942 3054 consequuntur.

388 3109 458 3171 San
495 3105 646 3190 legitimae
680 3106 780 3192 hujus
813 3105 1022 3171 observantia
1056 3128 1204 3190 quaenam
1234 3109 1294 3173 erit

345 3207 494 3274 utilitas?
532 3212 613 3274 Eam
644 3209 759 3294 utique
787 3208 994 3295 propheticus
1019 3230 1121 3271 sermo
1149 3208 1296 3293 protinus

344 3310 466 3376 subdit.
513 3312 572 3376 Ait
586 3312 689 3376 enirn:
715 3312 762 3376 Ut
778 3310 874 3397 longo
888 3324 1031 3397 tempore
1046 3322 1156 3394 regnet
1171 3309 1249 3395 ipse,
1263 3322 1296 3376 et

343 3412 429 3477 filius
443 3415 512 3499 ejus
526 3437 622 3500 super
638 3416 746 3479 lsrael.
791 3414 875 3477 Ecce
885 3433 1032 3499 quaenam
1049 3423 1148 3477 tantae
1162 3410 1296 3476 difficul-

346 3517 422 3577 tatis
436 3515 545 3579 futura
559 3518 599 3580 sit
616 3537 745 3591 merces,
761 3516 839 3580 dum
855 3537 954 3599 regna
969 3527 1100 3600 paterna
1114 3512 1186 3576 filiis
1200 3511 1297 3598 longo

346 3627 488 3698 tempore
507 3615 717 3700 protelantur.
763 3617 813 3678 De
829 3616 949 3680 virtute
966 3637 1105 3702 namque
1127 3626 1297 3699 parentum

249 3791 252 3796 ¹
346 3715 551 3800 protenditur
569 3716 724 3780 successio
745 3716 897 3791 filiorum,
920 3729 951 3780 et
975 3714 1209 3780 succedentium
1231 3713 1326 3777 feli--

345 3816 436 3893 citas,
451 3838 491 3879 ex
507 3814 727 3879 decedentium
748 3814 917 3900 iniquitate
931 3813 1169 3898 praescinditur.
1214 3812 1298 3877 Nam

347 3917 486 4003 Spiritus
512 3916 612 3980 sancti
638 3929 761 3981 certum
790 3927 837 3980 est
869 3912 1061 3989 testimonio,
1087 3912 1162 4001 quia
1185 3912 1297 4001 injusti

347 4018 539 4105 deperibunt
562 4006 668 4094 siinul,
693 4033 725 4082 et
749 4016 893 4103 reliquiae
915 4014 1086 4102 impiorum
1110 4014 1297 4080 interibunt.

348 4121 441 4185 Salus
455 4135 561 4187 autem
577 4122 742 4206 justorum
756 4144 776 4185 a
791 4119 935 4185 Domino·
944 4132 1002 4196 est,
1019 4122 1076 4205 qui
1090 4102 1229 4204 protegit
1244 4141 1298 4183 eos

347 4223 379 4285 in
396 4237 537 4308 tempore
552 4223 775 4290 tribulationis.
821 4222 883 4287 Sed
901 4245 1001 4309 quum
1023 4220 1183 4287 aeternitas
1198 4219 1297 4285 totius

348 4324 499 4407 temporis
513 4337 761 4411 quantacunque
776 4324 829 4401 sit,
842 4345 898 4410 per
915 4321 1124 4387 minutissima
1138 4329 1298 4384 momenta
1348 4350 1352 4357 ·

347 4422 484 4501 deficiat,
505 4444 536 4490 et
559 4429 591 4490 in
611 4447 650 4489 eo
671 4438 739 4491 toto
759 4448 820 4490 non
842 4424 902 4489 uisi
923 4422 1092 4489 admodum
1114 4421 1209 4485 breve
1232 4441 1296 4485 mo·
