3575 5575
323 2554 472 2717 ᾧ

512 798 554 855 36
759 803 894 852 rosunrs
910 802 1190 851 ssnnssnnrnnsrs
1347 787 1428 867 [cra.
1446 806 1471 852 r.

515 952 1470 1045 EgregiaequidemEleaaarusqnumredimendaeritaecausa

516 1060 739 1125 sollicitaretur
761 1056 958 1123 committere
980 1056 1012 1118 in
1040 1054 1141 1139 legem
1164 1053 1306 1135 Domini,
1327 1055 1468 1140 exempli

515 1160 692 1248 periculum
708 1157 868 1245 opposuit,
882 1157 1007 1221 dicens:
1033 1154 1116 1229 Quis
1129 1179 1191 1241 ego
1205 1176 1277 1221 sum
1292 1156 1468 1221 Eleazarus

517 1262 689 1348 nonaginta
704 1282 869 1335 annorum,
883 1272 920 1323 ut
935 1272 1091 1323 transeam
1106 1258 1147 1322 ad
1164 1258 1261 1323 vitam
1276 1258 1466 1343 alienigena-

515 1386 597 1438 rum,
614 1378 645 1428 et
661 1364 796 1449 juvenes
811 1360 974 1446 religiosos
988 1358 1160 1428 seducam?
1187 1364 1375 1425 Nascuntur
1388 1381 1466 1443 ergo

516 1466 690 1551 majoribus
708 1463 850 1530 haeredes
864 1463 995 1548 quidem
1017 1461 1200 1546 degeneres,
1215 1476 1247 1527 et
1267 1463 1325 1549 qui
1343 1461 1465 1527 virilem

514 1589 625 1631 sexum
642 1564 788 1630 muliebri
806 1564 939 1630 mollitie
953 1563 1174 1629 dehonestant.

557 1912 637 1994 Cap.
652 1915 682 1973 6.
707 1910 759 1972 De
773 1911 908 1985 musica,
922 1914 954 1970 et
967 1909 1202 1986 instrumentis,
1216 1912 1248 1969 et
1261 1906 1373 1982 modia,
1388 1912 1422 1969 et

859 2012 978 2094 fracta
993 2030 1110 2074 aarum.

556 2170 632 2233 Nou
651 2181 756 2233 tamen
773 2166 939 2233 curialium
963 2166 1057 2251 nugis
1076 2169 1227 2232 musicam
1249 2165 1463 2231 calumnietur

511 2270 628 2357 aliquis
643 2270 803 2346 sociatam,
815 2269 889 2335 licet
902 2293 934 2333 se
945 2269 1097 2333 beneficio
1111 2269 1182 2355 ejus
1192 2280 1347 2333 conentur
1362 2290 1462 2352 nuga·

510 2385 614 2436 torum
630 2369 761 2455 plurimi
775 2368 1006 2434 commendare.
1046 2368 1225 2465 chllllnff
1239 2367 1370 2462 quidem
1386 2368 1463 2432 libe-

510 2471 585 2535 ralis
599 2472 788 2562 9?h.l³l.⁸ll0.
797 2472 1028 2561 Pythagoram,
1037 2453 1109 2533 sire⁴
1118 2453 1461 2567 MOySQQTtffial

509 2580 631 2686 patrem
660 2573 838 2639 canentium
862 2574 894 2637 in
921 2558 1066 2663 cythara,
1088 2555 1237 2638 editionis
1260 2593 1328 2635 suae
1352 2571 1462 2637 laudat

508 2662 681 2759 auctorem,
707 2677 880 2763 ingenuum
909 2676 1004 2743 habet
1031 2689 1150 2755 ortum,
1176 2687 1208 2739 et
1236 2674 1366 2740 virtutis
1395 2696 1463 2739 suae

507 2780 660 2866 potentia,
675 2779 915 2868 specierumque
930 2781 1094 2858 varietate,
1110 2793 1141 2845 et
1157 2776 1216 2844 sibi
1231 2776 1462 2842 famulantibus

506 2883 659 2957 numeris,
675 2880 822 2945 universa
836 2883 1070 2966 complectitur,
1086 2883 1228 2946 omnium
1249 2905 1324 2968 quae
1338 2893 1414 2945 sunt
1428 2892 1461 2944 et

509 3003 582 3064 quae
598 2980 758 3056 dicuntur,
771 2980 975 3046 dissidentem
991 2995 1024 3046 et
1036 2983 1194 3046 dissonam
1210 2984 1461 3062 multitudinem,

507 3082 752 3170 proportionum
767 3104 910 3159 suarum,
922 3083 956 3146 id
972 3096 1032 3164 est,
1043 3085 1192 3169 inaequali
1205 3085 1344 3169 quadam
1360 3086 1460 3171 aequi-

507 3183 583 3249 tatis
600 3184 670 3270 lege
685 3183 864 3248 concilians.
910 3189 983 3250 Hac
997 3185 1114 3250 etenim
1130 3185 1269 3249 coelestia
1283 3197 1461 3272 temperan-

507 3300 573 3364 tur,
596 3285 757 3350 mundana
787 3285 851 3350 sive
875 3286 1015 3351 humana
1043 3299 1218 3372 reguntur:
1253 3287 1321 3351 haec
1344 3287 1460 3353 instru-

507 3399 614 3452 menta
634 3408 737 3451 mores
757 3389 920 3453 instruunt
943 3402 975 3453 et
996 3388 1180 3468 informant,
1194 3388 1354 3476 ipsiusque
1375 3390 1460 3453 vocis

505 3488 683 3554 articulatae
699 3488 750 3552 sel
766 3487 975 3555 inarticulata
994 3490 1204 3554 substantiam
1220 3490 1302 3554 miro
1316 3489 1457 3577 quodam

505 3599 629 3658 naturas
653 3590 790 3682 opificio,
816 3591 934 3656 melicis
959 3591 1094 3677 picturis
1119 3594 1317 3679 rythmorum
1342 3607 1459 3658 metro·

504 3717 641 3780 rumque
662 3692 823 3757 coloribus
842 3694 992 3770 vestiunt,
1014 3705 1048 3758 et
1070 3694 1207 3780 quadarn
1229 3695 1337 3762 cultus
1358 3715 1458 3758 venu-

504 3805 584 3860 state
599 3805 782 3880 perornant.
829 3793 936 3872 Hanc,
951 3807 989 3860 ut
1005 3791 1155 3880 suffragio
1174 3794 1457 3859 commendationis

504 3907 619 3960 nostrae
637 3919 698 3959 non
720 3908 826 3981 egeat,
843 3896 942 3961 sancti
963 3908 1071 3983 patres
1091 3898 1201 3962 multis
1218 3897 1351 3960 laudum
1372 3917 1456 3980 prae·

502 3996 601 4061 coniis
623 3996 816 4062 extulerunt.
862 3998 1013 4084 Denique
1035 3999 1069 4061 in
1092 4000 1162 4082 ejus
1184 3997 1304 4060 virtute
1326 3997 1457 4080 maligni

505 4096 636 4184 spiritus
651 4097 802 4166 violentia
815 4099 996 4176 cohibetur,
1010 4111 1043 4162 et
1064 4097 1148 4164 illius
1162 4098 1255 4164 etiam
1270 4097 1303 4162 in
1319 4097 1457 4163 subditis

503 4199 570 4265 suis
592 4199 707 4265 minuit
721 4201 851 4266 musicae
870 4202 975 4286 gratia
996 4212 1197 4285 potestatem.
1241 4202 1349 4278 Quum
1372 4205 1455 4267 enim

501 4303 633 4392 spiritus
653 4302 756 4367 malus
778 4303 908 4370 Saulem
928 4301 1105 4379 invasisset,
1121 4302 1277 4387 psallebat
1293 4304 1400 4369 David
1419 4306 1453 4369 iu

497 4406 631 4493 cythara
654 4405 684 4470 in
710 4427 805 4472 manu
828 4428 898 4482 sua,
913 4403 1015 4470 donec
1037 4405 1168 4491 spiritus
1182 4430 1202 4470 a
1223 4406 1305 4493 regia
1327 4407 1454 4472 infesta·
