3575 5575
346 847 418 894 cas.
438 825 503 909 ru]
730 847 986 893 sonrcnarrcus.
1245 835 1308 897 169
1349 835 1352 840 ’

344 996 490 1081 subjiciat
505 995 660 1064 servituti.
708 997 908 1063 Histrionem
930 1020 999 1062 esse
1013 984 1064 1063 uel
1084 996 1231 1081 mimum,
1248 998 1299 1064 in-

320 1130 321 1134 *
341 1099 473 1164 famiam
488 1099 605 1184 ingerit
620 1100 677 1178 his,
689 1107 773 1188 quos¹
784 1125 804 1166 a
815 1111 914 1166 tantae
929 1101 1116 1186 abjectionis
1130 1102 1300 1188 opprobrio

342 1213 466 1266 naturae
481 1203 532 1267 vol
547 1225 691 1289 personae
707 1204 845 1289 dignitas
856 1203 984 1269 videtur
998 1204 1168 1290 excepisse.
1200 1209 1300 1270 Porro

342 1303 398 1390 qui
409 1303 533 1369 vultum
546 1305 652 1371 induit
662 1305 815 1384 alienum,
826 1307 972 1372 atracias
983 1308 1155 1372 affectuum
1164 1307 1301 1373 alternat

344 1406 450 1484 facies,
465 1407 679 1473 incolumitati
695 1431 846 1474 sensuum
861 1409 991 1474 insidias
1005 1421 1106 1495 parat,
1121 1421 1155 1474 et

414 1541 539 1594 Sordibns
551 1541 672 1595 auriculis
685 1543 778 1596 alienis
790 1543 891 1611 colligit
903 1559 993 1608 escas;

344 1671 377 1724 et
403 1663 429 1725 si
455 1660 641 1726 histrionem
669 1662 767 1726 verbo
792 1659 975 1738 diffiteatur,
1002 1683 1076 1725 eum
1103 1663 1243 1727 moribus
1268 1674 1302 1728 et

345 1761 543 1847 turpitudine
566 1763 744 1829 confitetur.
798 1763 896 1840 Quod
916 1763 1119 1829 assentatoris
1138 1764 1301 1851 proprium

345 1864 469 1950 estqui
491 1863 532 1928 ad
554 1863 686 1929 alterius
709 1865 786 1929 vivit
812 1877 937 1941 nutum,
954 1875 988 1930 et
1011 1877 1184 1953 antequam
1208 1889 1301 1932 suum

345 1966 486 2052 proferat
509 1966 680 2052 judicium,
711 1966 751 2030 de
787 1965 919 2051 singulis
953 1978 1116 2053 exspectat
1150 1967 1301 2034 alienum.

348 2069 513 2134 Caeterum
530 2069 635 2156 palpo,
652 2069 708 2156 qui
722 2081 831 2133 tamen
846 2070 1050 2134 assentatoris
1065 2070 1116 2135 vel
1131 2068 1303 2137 adulatoris

346 2182 494 2236 censetur
513 2171 655 2252 nomine,
670 2171 822 2258 quoniam
841 2173 955 2236 eadem
972 2195 1022 2238 res
1043 2171 1153 2239 multis
1176 2185 1303 2241 notatur

346 2273 482 2358 indiciis,
497 2274 663 2340 hominum
688 2273 803 2338 mentis
826 2275 980 2360 explorat,
999 2286 1170 2362 praetentat
1190 2277 1302 2343 volun-

346 2386 456 2455 tatem,
485 2388 521 2443 ut
550 2377 602 2441 cui
632 2375 678 2440 rei
708 2376 843 2442 volueris
872 2399 982 2442 sensus
1010 2380 1239 2457 accommodet,
1266 2391 1303 2445 ut

345 2478 479 2563 gratiam
495 2478 591 2559 illius,
606 2502 680 2543 curn
696 2500 760 2566 quo
779 2479 894 2564 agitur,
911 2480 1130 2545 fraudulenter
1143 2481 1301 2569 surripiat.

347 2579 446 2645 Novit
460 2581 546 2644 enim
563 2581 603 2645 de
619 2603 774 2646 concursu
796 2602 946 2646 sensuum
963 2594 996 2646 et
1014 2583 1214 2649 voluntatum
1230 2583 1302 2649 uni—

345 2704 417 2761 one,
433 2684 524 2770 quasi
539 2683 655 2748 rivulos
672 2684 821 2749 amicitias
836 2684 998 2751 scaturire.
1036 2686 1129 2749 Idem
1144 2686 1302 2773 siquidem

347 2785 429 2851 velle
453 2802 486 2851 et
511 2786 607 2864 nolle,
636 2791 686 2871 (ut
712 2786 757 2852 ait
782 2786 964 2873 historicus)
989 2810 1028 2855 ea
1053 2787 1184 2855 demum
1209 2791 1302 2856 firma

349 2888 489 2954 amicitia
503 2898 561 2955 est.
608 2889 769 2964 Quidni?

420 3026 575 3079 Consentire
587 3027 640 3079 suis
652 3027 745 3080 studiis
757 3028 801 3095 qui
812 3027 950 3081 crediderit
961 3034 998 3092 te,

418 3112 516 3163 Fautor
526 3116 634 3181 utroque
646 3117 720 3165 tuum
730 3111 848 3165 laudabit
858 3112 951 3184 pollice
961 3113 1060 3167 ludum.

352 3229 461 3305 Quum
491 3252 566 3295 vero
588 3230 790 3317 praesenserit
815 3231 1024 3310 voluntatem,
1047 3232 1091 3297 sic
1116 3233 1234 3320 palpat,
1257 3234 1304 3299 sic

347 3330 520 3411 demulcet,
536 3343 625 3398 tanta
647 3333 809 3400 suavitatis
832 3334 983 3421 perungit
1003 3334 1116 3420 gratia,
1137 3349 1172 3401 ut
1193 3337 1302 3402 virtuti

347 3434 506 3498 somnium
535 3434 677 3517 inducat,
700 3447 733 3501 et
755 3446 856 3502 totam
881 3436 1118 3514 moderationis,
1145 3437 1213 3502 sine
1240 3461 1304 3525 qua

348 3558 513 3623 nunquam
529 3549 615 3603 recte
630 3539 756 3617 vivitur,
767 3540 902 3605 formam
921 3540 1046 3605 Lethaei
1061 3539 1202 3605 fluminis
1217 3541 1304 3605 inlu·

342 3637 438 3702 sione
456 3639 630 3703 subvertat.
677 3640 815 3725 Magnas
837 3641 954 3725 gratias
974 3664 1068 3726 agere
1084 3642 1184 3707 Thais
1203 3642 1306 3707 mihi?

351 3740 518 3805 Jucundus
542 3752 590 3805 est
611 3741 697 3805 enim
723 3742 882 3819 Comicus,
906 3753 940 3807 et
963 3754 1056 3829 aptus
1075 3744 1130 3830 qni
1154 3766 1187 3807 se
1210 3744 1305 3829 nugis

349 3842 463 3907 nostris
473 3843 659 3930 frequenter
672 3843 859 3920 immisceat,
874 3845 1037 3928 Ingentes,
1049 3844 1162 3931 inquit.
1188 3846 1307 3913 Fuerat

350 3944 482 4032 quidem
497 3947 572 4011 satis
587 3945 612 4011 si
629 3967 761 4030 magnas
772 3945 993 4032 respondisset.
1027 3948 1091 4011 Sed
1105 3948 1180 4034 quia
1196 3948 1305 4015 adula-

350 4052 426 4114 toris
448 4049 533 4113 fraus
547 4048 656 4115 omnia
674 4048 798 4114 extollit
817 4049 850 4113 in
866 4049 981 4135 majus,
997 4060 1030 4114 et
1050 4050 1092 4114 de
1107 4072 1164 4115 suo
1185 4050 1306 4139 aliquid

351 4148 461 4235 adjicit
485 4151 571 4216 unde
597 4150 657 4215 sibi
681 4151 816 4235 gratiam
843 4151 996 4229 cumulet,
1018 4151 1166 4237 ingentes
1191 4152 1305 4241 inquit.

355 4252 420 4315 Sed
436 4275 494 4317 nec
509 4254 712 4318 mendacium
729 4255 899 4321 erubescit.
943 4255 1009 4329 Qui
1024 4256 1112 4319 anim
1127 4255 1187 4320 sibi
1203 4258 1307 4342 potuit

351 4353 554 4438 persuadere,
571 4367 607 4419 ut
622 4356 820 4421 honestatem
833 4357 971 4421 hominis
986 4368 1085 4422 tantae
1101 4357 1307 4443 turpitudinis

352 4454 479 4519 macula
494 4455 692 4521 decoloraret
713 4478 905 4543 quacunque
925 4458 965 4522 de
986 4482 1090 4536 causa,
1106 4459 1217 4542 utique
1234 4462 1307 4544 per·
