3575 5575
505 762 524 817 (3
766 774 903 819 solutus
919 773 1198 819 sunnsuaurnnsrs

508 923 693 1007 Indignum,
710 922 800 987 litem
816 923 841 987 si
857 934 984 1009 tempus
999 923 1066 1006 agit
1080 922 1178 988 breve
1191 924 1333 1009 longam,

552 1026 661 1111 Digna
675 1024 806 1112 quidem
821 1048 886 1089 uon
902 1038 977 1089 suut
990 1037 1136 1111 tempora
1150 1026 1247 1111 louge
1260 1027 1361 1094 brevi.

510 1130 622 1205 Quum
638 1129 680 1193 de
696 1150 730 1193 re
746 1138 879 1208 constet,
894 1151 958 1193 non
973 1129 1015 1193 sit
1028 1130 1070 1193 de
1085 1129 1216 1194 nomine
1229 1152 1357 1216 puguu3

554 1232 605 1295 Ne
620 1231 727 1296 foreat
742 1231 832 1295 litem
848 1231 923 1295 lana
937 1232 1066 1317 cuprina
1080 1231 1147 1295 diu.

510 1332 674 1419 Quicquid
690 1332 737 1397 vis
750 1332 848 1409 dicas,
863 1332 941 1397 dum
956 1333 998 1396 sit
1010 1346 1107 1418 eaput
1119 1332 1176 1398 illu
1193 1334 1366 1412 Britannis,

552 1434 661 1509 Quam
677 1432 736 1497 tibi
752 1432 926 1518 praesiguat
939 1432 1072 1517 augelus
1086 1455 1160 1499 arce
1173 1433 1305 1500 micuus.

509 1534 654 1619 Angelus
675 1534 735 1599 iste
757 1534 828 1621 quis
850 1544 909 1611 est,
924 1546 981 1599 aut
995 1556 1069 1621 quae
1082 1535 1199 1601 domus
1212 1535 1284 1617 ista,
1297 1535 1465 1624 requires?

552 1634 703 1721 Namque
718 1656 815 1698 novos
830 1656 937 1698 rerum
951 1634 1055 1699 forma
1069 1656 1198 1701 morere
1212 1636 1303 1701 solet.

510 1738 593 1801 Hoec
608 1749 656 1801 est
671 1736 726 1800 illa
740 1736 865 1813 domus,
883 1757 958 1821 quoe
974 1735 1139 1801 Christum
1154 1737 1259 1822 prima
1272 1739 1411 1825 recepit:

556 1842 585 1901 A
601 1860 665 1924 qua
679 1837 818 1921 suscepit
831 1836 937 1900 insula
949 1848 1018 1900 tota
1031 1837 1142 1901 fidem.

513 1941 623 2005 Insula
637 1952 705 2003 tote
720 1939 818 2003 fidem
833 1939 930 2022 cepit,
946 1938 1088 2025 fideique
1102 1954 1268 2025 parentem

555 2042 725 2118 Praedicat,
742 2041 875 2117 extollit,
891 2040 993 2123 audit,
1007 2042 1153 2120 honorat,
1168 2058 1264 2112 amat.

512 2146 645 2210 Consilii
660 2145 769 2229 magui
785 2144 810 2207 si
826 2144 908 2209 nosti
923 2145 1004 2209 sorte
1018 2145 1173 2223 datorem,

556 2248 631 2313 Non
647 2249 708 2313 erit
722 2249 850 2333 ignotus
863 2248 998 2333 augelus
1011 2248 1072 2311 iste
1086 2248 1156 2313 tibi.

514 2350 660 2433 Angelus
674 2374 693 2415 e
708 2349 839 2436 specula
853 2362 957 2413 totum
972 2349 1187 2435 circumspicit
1201 2353 1323 2433 orbem,
1405 2345 1420 2367 ⁸

556 2452 602 2515 Et
615 2474 728 2538 corpus
742 2453 857 2538 pennis
871 2450 1031 2528 subvehit,
1045 2464 1143 2538 etque
1156 2454 1246 2538 tegit

511 2556 566 2623 Sic
580 2554 667 2619 videt
681 2577 700 2619 e
715 2554 855 2641 specula,
871 2553 917 2618 sic
932 2553 1072 2639 protegit
1083 2555 1192 2621 omnis
1205 2557 1330 2641 punis,

554 2659 602 2723 Ut
609 2659 665 2744 jus
678 2680 742 2722 non
758 2658 877 2722 babeat
891 2656 990 2721 bostis
1003 2655 1037 2719 in
1052 2655 1130 2721 orbe
1144 2679 1212 2724 suo.
1383 2656 1389 2665 '

508 2762 572 2827 Hic
586 2771 792 2849 tempestates
806 2759 1018 2847 proenuuciat,
1033 2769 1131 2847 atque
1145 2781 1317 2839 serenum

550 2865 728 2929 Ventorum
744 2864 867 2928 rabiem
883 2876 1054 2948 temperet,
1069 2875 1167 2951 atque
1182 2865 1289 2932 maris.

508 2965 560 3028 Ne
575 2965 653 3050 quid
667 2966 778 3029 obesse
793 2976 900 3050 queat,
916 2987 980 3028 uon
995 2965 1112 3030 dormit
1127 2981 1232 3044 nocte,
1247 2969 1365 3058 dieque

553 3069 642 3140 Statr
663 3067 740 3154 quie
754 3067 913 3152 subjectos
926 3068 1070 3155 undique
1084 3080 1167 3135 stare
1181 3071 1267 3137 lucit

509 3169 676 3234 Accedens
690 3168 830 3255 propius,
847 3169 966 3236 Onrirti
980 3172 1165 3258 properabis
1177 3173 1220 3240 ad
1233 3176 1352 3258 aulam,

552 3272 600 3336 Ut
615 3272 740 3336 reniam
755 3272 856 3359 culpis
869 3295 1069 3360 promereare
1084 3274 1156 3342 tuin

511 3373 582 3438 lllic
596 3374 677 3438 liniti
693 3375 854 3440 solventur
867 3388 942 3441 vota
955 3377 1090 3443 laboris:

554 3474 619 3540 Hic
633 3475 820 3562 lachrymas,
833 3477 983 3562 gemitus,
997 3479 1050 3543 hic
1064 3480 1119 3566 pia
1133 3489 1205 3545 tura
1217 3482 1319 3549 dabis

510 3575 656 3662 Excipiet
671 3576 804 3642 fratrum
819 3579 970 3643 reducem
985 3590 1017 3645 te
1031 3573 1100 3645 tota
1112 3581 1250 3648 choreas

552 3679 597 3743 Et
610 3678 720 3744 leudes
734 3701 793 3766 pro
805 3694 838 3744 te
852 3681 970 3768 sospite
983 3683 1060 3746 loetu
1074 3694 1177 3749 canet

508 3781 670 3869 Quicquid
684 3783 784 3848 habes
798 3783 884 3870 quod
898 3784 945 3849 eis
959 3785 1096 3872 placent,
1111 3784 1228 3870 largire
1241 3786 1399 3854 libenter:

552 3885 730 3962 Quidlibet,
745 3898 782 3950 ut
797 3886 890 3952 luerit
906 3888 996 3970 utile,
1010 3889 1127 3976 cuique
1139 3889 1243 3954 dabis.

509 3986 544 4054 Si
559 3997 658 4072 potes,
675 3987 783 4051 Odoui
797 3990 924 4055 studeas
937 3991 1057 4056 donare
1071 3991 1226 4057 salutem:

554 4087 765 4174 Accipiatque
780 4090 871 4156 Brito
885 4104 919 4157 te
933 4092 1084 4157 veniente
1098 4113 1238 4157 erucem.

511 4189 577 4254 Hic
591 4211 718 4254 uerrere
731 4191 780 4256 tui
794 4194 924 4259 tandem
939 4193 1124 4259 discrimina
1137 4192 1195 4257 lati

554 4291 749 4381 Exaetoequs
763 4295 824 4360 riae
838 4319 989 4384 prospere
1002 4307 1119 4360 cuncte
1132 4295 1218 4360 lieet.

511 4395 600 4469 Quid
614 4396 656 4462 sit
669 4397 735 4464 ovis
749 4398 809 4463 sub
823 4399 921 4485 rulpe
934 4401 1048 4481 luteus,
1063 4397 1214 4484 vulpesve
1228 4396 1289 4463 sub
1301 4419 1397 4483 agno,
