3575 5575
358 835 428 878 cae.
445 822 569 898 xxv11.]
710 832 967 879 sourcuxrrcos.
1250 815 1312 872 135

355 1006 459 1049 errore
485 984 608 1050 diutius
628 983 726 1048 fuisse
752 983 867 1058 recolo,
890 982 923 1046 in
949 1004 1016 1067 quo
1040 1003 1151 1046 manus
1174 977 1305 1044 Domini

354 1085 542 1172 condignam
558 1109 620 1150 non
637 1086 814 1152 exercuerit
831 1084 993 1149 ultionem.

353 1422 432 1507 Cap.
448 1431 498 1487 27.
523 1424 574 1486 De
594 1424 809 1530 meibns,
825 1429 856 1484 et
876 1423 1123 1501 chiromanticis,
1138 1427 1169 1484 et
1188 1423 1307 1505 Pytho-

600 1526 692 1601 nicia,
706 1533 737 1586 et
749 1525 864 1588 Saulis
878 1523 1058 1603 dejectione.

394 1676 485 1747 Quin
493 1672 534 1736 de
546 1671 785 1736 necromanticis
794 1670 1055 1758 dicamqnorum
1065 1669 1222 1755 impietas,
1232 1673 1302 1734 Deo

348 1785 489 1850 auctore,
513 1795 570 1857 per
594 1773 752 1858 seipsam
778 1771 899 1857 ubique
919 1771 986 1854 jrun
1012 1769 1117 1846 viluit,
1136 1769 1195 1834 nisi
1216 1769 1303 1855 qnod

350 1886 452 1938 morte
477 1873 567 1957 digni
594 1887 678 1949 sunt,
707 1872 763 1958 qui
790 1894 809 1934 a
834 1883 934 1936 morte
959 1882 1114 1934 conantur
1143 1871 1306 1936 scientiam

349 1980 522 2039 mutuare?
554 1979 637 2042 Nam
654 1974 694 2038 de
709 1972 902 2058 auspicibus,
916 1972 1105 2057 auguribus,
1121 1972 1306 2038 salissatori-

350 2077 421 2152 bus,
438 2077 555 2156 ariolis,
571 2076 763 2163 pythonicis,
779 2073 988 2160 aruspicibus,
1005 2086 1036 2138 et
1058 2074 1137 2150 aliis,
1153 2097 1303 2161 qnorum,

347 2201 416 2266 prae
433 2179 652 2256 multitudine,
674 2178 806 2243 taediosa
826 2190 873 2242 est
897 2176 1106 2256 enumeratio,
1120 2176 1304 2262 productio-

347 2305 414 2347 rem
424 2304 598 2346 sermonem
612 2295 729 2358 texere,
741 2303 839 2366 quum
851 2301 944 2343 neruo
954 2279 1087 2343 istorum
1094 2277 1162 2362 jam
1174 2302 1304 2364 progre-

347 2385 456 2450 diatur
471 2385 504 2448 in
526 2383 641 2461 lucem,
657 2383 711 2446 sed
731 2386 764 2446 in
779 2381 934 2458 latibulis,
950 2384 976 2444 si
996 2380 1069 2466 quis
1083 2393 1143 2456 est,
1157 2394 1302 2445 exerceat

346 2508 443 2570 opera
458 2484 673 2560 tenebrarum,
691 2504 923 2568 supervacuum
938 2494 996 2546 est.
1027 2480 1180 2558 Quaedam
1197 2493 1302 2548 tamen

347 2609 457 2651 eorum
482 2586 577 2650 certis
606 2583 646 2647 de
677 2583 779 2648 causis
808 2583 1011 2669 aliquatenus
1036 2582 1196 2668 tangenda
1217 2597 1301 2648 sunt.

348 2688 405 2763 Et,
421 2686 447 2750 si
470 2686 600 2758 lateant,
624 2696 795 2768 supersunt
818 2683 925 2745 adhuc
947 2683 1030 2746 malo
1052 2705 1110 2745 suo
1132 2683 1303 2769 aruspices.

348 2789 421 2853 Hos
435 2810 495 2873 pro
510 2785 647 2873 partein
663 2785 745 2849 extis
757 2783 939 2848 animalium
955 2781 1097 2847 divinare
1112 2782 1302 2871 praedictum

345 2901 403 2953 est.
458 2889 617 2951 Extorum
634 2886 781 2972 ¹quidem
818 2897 986 2949 censentur
1020 2884 1157 2965 nomine,
1185 2886 1302 2963 omnia,

347 3012 421 3075 quae
438 2988 521 3053 cutis
543 2988 744 3053 extremitate
766 3000 930 3072 teguntur.
974 2986 1070 3052 Unde
1089 2999 1121 3052 et
1143 2986 1224 3067 illos,
1245 2989 1303 3074 qni

347 3093 379 3156 in
396 3090 574 3159 humerulis
588 3092 736 3171 arietum,
752 3090 801 3153 vel
817 3111 1083 3175 quorumcunque
1096 3090 1221 3155 ossibus
1236 3094 1302 3155 ani-

345 3194 475 3259 malium
503 3193 727 3271 vaticinantur,
751 3192 797 3256 eis
818 3190 1090 3255 connumerandos
1110 3214 1178 3255 esse
1200 3193 1301 3258 mani-

343 3293 461 3359 festum
476 3306 534 3358 est.
581 3293 809 3359 Chiromantici
826 3315 956 3377 quoque
972 3314 1057 3369 vera,
1073 3314 1147 3377 quae
1162 3293 1195 3355 in
1210 3292 1300 3379 rugis

343 3417 495 3469 manuum
515 3394 625 3471 latent,
651 3418 684 3459 se
707 3416 796 3456 nosse
815 3391 1001 3475 gloriantur.
1047 3393 1190 3469 Quorum
1214 3417 1300 3457 erro·

341 3518 420 3572 rem,
437 3495 513 3581 quia
535 3497 656 3561 ratione
679 3518 740 3559 non
764 3494 889 3571 nititur,
906 3518 968 3560 non
989 3518 1113 3559 necesse
1135 3508 1182 3561 est
1203 3499 1300 3561 ratio-

245 3674 246 3677 *
344 3595 438 3660 nibus
459 3596 661 3682 impugnare,
680 3597 752 3661 licet
775 3620 813 3659 eo
835 3596 904 3682 ipso
925 3597 996 3661 illos
1018 3613 1182 3683 expugnet
1203 3598 1297 3675 ratio,

342 3698 432 3785 quod
462 3697 614 3762 deficiunt
640 3698 770 3763 ratione.
819 3701 928 3763 Unum
955 3711 1059 3762 tamen
1090 3711 1138 3762 est
1164 3699 1252 3783 quod
1278 3724 1299 3764 e

343 3812 386 3879 te,
397 3800 423 3863 si
440 3822 490 3861 me
506 3800 664 3885 patienter
680 3799 803 3878 audias,
814 3800 1025 3863 attentissime
1039 3820 1161 3885 quaero.
1207 3798 1296 3873 Quid

343 3914 514 3987 nugatores
536 3900 599 3979 isti,
616 3900 765 3987 quoniam
788 3924 841 3965 eos
861 3900 920 3965 tibi
941 3912 1034 3965 notos
1054 3923 1123 3965 esse
1145 3923 1208 3965 non
1231 3925 1298 3967 am-

341 4002 429 4089 bigo,
451 4002 582 4093 quando
604 4002 644 4066 de
667 4001 774 4067 dubiis
795 4002 983 4088 interrogati
1005 4017 1091 4081 sunt,
1105 4004 1295 4090 proferunt?

344 4105 450 4181 Quum
466 4106 617 4169 adversus
629 4101 837 4169 Nivicollinos
850 4105 997 4169 Britones
1012 4104 1099 4190 regia
1109 4118 1190 4170 esset
1201 4130 1297 4193 expe-

344 4207 424 4271 ditio
443 4208 659 4293 produeenda,
679 4208 712 4271 in
736 4231 801 4294 quo
822 4220 854 4273 te
872 4207 1038 4272 consultus
1057 4230 1195 4295 aruspex
1216 4233 1297 4295 prae-

343 4307 490 4373 monuit?
521 4310 675 4387 Quamvis
689 4313 730 4373 ab
746 4332 783 4373 eo
796 4310 940 4375 veritatis
954 4332 1103 4373 arcanum
1119 4332 1182 4373 non
1197 4311 1296 4376 fuerit

345 4408 582 4495 inquirendum,
596 4411 654 4495 qui
669 4411 827 4477 excubiali
847 4412 1002 4497 obsequio
1022 4410 1224 4477 concinnator
1238 4435 1295 4498 po-
