3575 5575
500 811 564 870 304
770 818 909 865 somnus
925 815 1207 862 sanusnsnmnsrs
1324 794 1404 872 [nn
1421 816 1451 856 v.

502 997 552 1037 me
574 971 668 1036 credo
692 971 806 1035 vidisse
825 968 969 1033 ostiarios
994 967 1134 1032 Cerbero
1154 967 1305 1031 duriores,
1353 963 1452 1048 Apud

502 1074 618 1136 inferos
632 1085 737 1135 tamen
762 1069 922 1136 Cerberus
942 1090 1025 1132 unus
1044 1079 1100 1131 est.
1147 1070 1235 1140 Quot
1255 1079 1330 1129 sunt
1350 1064 1454 1126 diver-

504 1172 602 1239 ticula
617 1170 806 1246 Curialium,
819 1183 867 1234 tot
883 1169 1015 1234 Cerberi
1029 1182 1113 1233 sunt.
1150 1167 1311 1232 Atrienses
1325 1188 1455 1252 quoque

504 1275 659 1342 Cerberos
673 1271 854 1348 sustinebis,
871 1284 1037 1354 totamque
1057 1267 1223 1346 familiam,
1238 1291 1312 1354 quae
1332 1289 1454 1352 semper

503 1388 560 1440 aut
576 1373 709 1448 mordet,
725 1385 781 1437 ant
802 1373 910 1437 latrat.
955 1372 1074 1436 Omnes
1093 1392 1168 1433 vero
1187 1382 1348 1454 quotquot
1369 1381 1454 1442 sunt,

503 1482 537 1543 in
568 1500 631 1541 uno
659 1475 798 1539 medicos
826 1473 1012 1547 audieruut,
1042 1471 1205 1535 dicentes:
1245 1473 1331 1534 Dum
1369 1469 1452 1533 dolet

506 1582 625 1663 accipe,
649 1575 765 1641 facturi
784 1576 879 1639 etiam
903 1577 928 1638 si
949 1573 1008 1637 sibi
1027 1572 1177 1657 expedire
1196 1571 1398 1648 crediderint,
1421 1581 1457 1633 nt

505 1679 612 1743 doleat
626 1677 712 1765 quod
728 1699 839 1741 sanum
855 1688 914 1740 est.
962 1677 1001 1738 In
1018 1697 1082 1738 uno
1097 1688 1203 1739 tamen
1219 1673 1375 1759 piissimos
1390 1697 1456 1737 esse

505 1778 679 1857 miraberis,
696 1777 782 1863 quod
798 1776 944 1863 querelas
961 1776 1094 1840 libenter
1109 1775 1257 1851 audiunt,
1273 1775 1381 1838 fovent
1397 1776 1457 1838 bu-

507 1875 1454 1961 miliorumcausas,eteousquepatrocinanturafflictis,dum

506 1979 695 2043 exhauriant
707 1977 828 2040 loculos
840 1977 1027 2061 pleniorum.
1063 1977 1144 2039 Nam
1158 1998 1352 2060 quocunque
1363 1977 1457 2039 modo

506 2103 602 2144 causa
622 2078 785 2163 procedat,
809 2078 868 2140 boc
891 2100 1015 2163 semper
1038 2077 1145 2162 agitur
1169 2090 1205 2141 nt
1228 2076 1322 2141 loculi
1344 2078 1456 2162 imple·

507 2192 613 2257 antur,
636 2179 695 2245 etsi
715 2177 848 2242 avaritia
868 2193 1007 2264 nequeat
1030 2179 1145 2243 satiari.
1191 2179 1343 2265 Quisquis
1364 2179 1395 2243 in
1416 2181 1457 2244 is-

508 2296 610 2348 torum
634 2302 747 2344 manus
766 2279 925 2358 inciderit,
942 2282 966 2344 si
986 2281 1142 2366 poenitens
1161 2281 1330 2357 invenitur,
1346 2282 1458 2366 opinor

507 2384 576 2448 haec
602 2386 760 2446 tormenta
781 2384 811 2445 ei
834 2380 975 2446 sufficere
1002 2405 1092 2468 posse
1119 2382 1160 2446 ad
1188 2384 1321 2446 veniam.
1367 2383 1457 2446 Nihil

508 2486 591 2550 enim
614 2483 694 2547 adeo
719 2506 816 2566 grave
840 2499 898 2560 est,
922 2487 1009 2570 quod
1037 2484 1088 2548 hic
1113 2484 1234 2570 expiari
1261 2507 1323 2547 non
1350 2487 1460 2570 possit,

510 2580 596 2658 Quid
619 2580 701 2645 enim
724 2582 870 2647 miserius
892 2597 950 2658 est,
974 2606 1070 2668 quam
1097 2585 1242 2670 superbis
1264 2584 1400 2648 assidere
1423 2584 1459 2647 li·

509 2682 658 2760 minibus,
672 2684 1002 2770 praetergredientium
1028 2685 1161 2749 tolerare
1182 2687 1311 2763 fastum,
1335 2700 1365 2752 et
1387 2709 1461 2750 con-

508 2785 737 2872 temptibilium
765 2787 879 2851 calcari
905 2800 1103 2873 contemptu,
1129 2789 1271 2873 perferre
1300 2789 1457 2854 molestias

509 2908 726 2962 excussorum,
741 2899 772 2950 et
787 2886 829 2951 ab
850 2886 989 2972 indignis
1011 2886 1134 2972 quaevis
1150 2888 1281 2973 indigna
1295 2890 1456 2976 perferre?

513 2988 667 3063 Socrates,
690 3010 790 3073 quum
814 3010 886 3051 eum
912 2988 1095 3054 Alcibiades
1118 2989 1338 3076 interrogaret,
1361 3014 1459 3077 quare

510 3086 730 3173 Xanthippem
743 3111 874 3153 uxorem
887 3090 1059 3154 admodum
1068 3111 1223 3155 morosam
1231 3105 1263 3156 et
1269 3094 1459 3178 jurgiosam,

510 3201 542 3253 et
557 3211 631 3275 qnae
646 3188 703 3251 diu
724 3203 887 3275 noctuque
912 3189 1120 3255 muliebribus
1141 3191 1280 3255 scatebat
1302 3192 1462 3271 molestiis,

511 3289 607 3353 domo
630 3310 691 3352 non
714 3290 869 3375 abigeret,
884 3293 1007 3378 inquit:
1041 3294 1147 3369 Quum
1172 3291 1265 3357 talem
1290 3291 1375 3355 domi
1391 3314 1462 3377 per·

511 3389 626 3473 patior,
649 3388 803 3467 insuesco,
826 3405 858 3455 et
884 3414 1032 3455 exerceor
1059 3405 1095 3457 ut
1120 3404 1307 3457 caeterorum
1333 3417 1461 3480 quoque

511 3490 591 3553 foris
605 3488 826 3574 petulantiam,
843 3503 874 3555 et
894 3491 1043 3577 injuriam
1059 3494 1184 3557 facilius
1198 3494 1308 3559 feram.
1356 3494 1461 3558 Veteri

510 3589 688 3655 celebratur
706 3590 891 3675 proverbio:
931 3592 1015 3667 Quia
1034 3616 1142 3657 vacuae
1162 3614 1276 3655 manus
1296 3594 1461 3657 temeraria

510 3692 622 3778 petitio
641 3706 701 3768 est,
717 3703 750 3756 et
773 3693 916 3778 proiecto
937 3697 1140 3779 importunus
1163 3707 1309 3780 precator
1325 3678 1387 3771 est,
1403 3696 1458 3781 qui

511 3795 632 3859 dandas
644 3817 693 3859 res
702 3794 742 3858 ad
756 3797 852 3861 verba
864 3796 1005 3860 confidit.
1024 3866 1027 3871 ,
1045 3797 1226 3882 Utrobique
1238 3796 1332 3877 enim,
1344 3797 1459 3861 scilicet

510 3894 597 3981 apud
613 3896 747 3961 curiales
762 3907 793 3959 et
810 3896 957 3969 medicos,
976 3896 1109 3971 obtinet,

618 4008 670 4059 Pro
682 4011 743 4062 solis
754 4012 849 4076 verbis,
861 4014 991 4065 montonis
1004 4012 1099 4064 utimur
1109 4012 1206 4075 herbis,

619 4092 670 4143 Pro
681 4096 748 4145 caris
759 4095 847 4159 rebus,
858 4098 999 4165 pigmentis
1012 4102 1039 4149 et
1051 4098 1195 4167 speciebus,

515 4196 605 4257 Inter
631 4193 709 4256 alios
735 4207 840 4258 tamen
869 4198 1068 4281 benigniores
1095 4213 1182 4279 sunt,
1209 4200 1265 4285 qui
1296 4196 1460 4263 minimum

513 4308 657 4382 possunt,
680 4294 751 4359 licet
777 4296 844 4359 fere
866 4320 974 4361 omnes
1002 4302 1092 4384 proni
1120 4301 1181 4366 sint
1208 4302 1247 4363 ad
1275 4300 1463 4377 nocendum,

513 4396 597 4483 quod
618 4399 717 4461 cnivis
736 4398 829 4482 longe
851 4398 977 4464 facilins
997 4415 1055 4478 est,
1073 4426 1168 4487 quam
1189 4402 1350 4487 prodesse.
1397 4406 1462 4466 Ex·
