3575 5575
507 777 571 836 228
751 788 907 834 ·Joaunrs
925 786 1203 830 sannsnnmnnms
1324 769 1406 848 [nm.
1424 787 1465 832 iv.

511 954 641 1018 terram,
657 962 752 1027 quam
769 938 927 1002 Dominus
948 941 1038 1002 Deus
1053 937 1142 1002 dabit
1158 937 1228 1015 tibi,
1243 948 1275 1001 et
1291 927 1466 1021 possederis

511 1065 592 1118 eam,
615 1039 871 1124 habitaverisque
897 1039 929 1101 in
956 1037 1021 1113 illa,
1048 1049 1080 1101 et
1110 1037 1238 1111 dixeris,
1263 1037 1465 1103 Constituam

512 1166 605 1230 super
630 1166 681 1207 me
706 1164 810 1226 regem
836 1141 917 1203 sicut
942 1139 1061 1203 babent
1085 1161 1194 1202 omnes
1217 1161 1274 1223 per
1297 1139 1464 1202 circuitum

512 1245 664 1320 nationes,
680 1267 751 1306 eum
776 1243 960 1320 constitues,
976 1263 1070 1326 quem
1095 1241 1256 1304 Dominus
1277 1241 1366 1303 Deus
1390 1253 1465 1303 tuus

512 1345 643 1431 elegerit
672 1348 712 1409 de
739 1366 871 1408 numero
897 1343 1031 1405 fratrum
1063 1353 1199 1405 tuorum.
1246 1347 1318 1408 Non
1346 1343 1465 1426 poteris

512 1447 643 1512 alterius
668 1447 772 1533 gentis
798 1445 955 1507 bominem
982 1466 1086 1527 regem
1114 1444 1228 1520 lacere,
1256 1444 1311 1529 qui
1335 1467 1397 1507 non
1423 1445 1463 1507 sit

512 1551 610 1614 frater
626 1563 711 1613 tuus.
757 1549 930 1632 Quumque
945 1546 1039 1610 luerit
1055 1549 1257 1622 constitutua
1276 1570 1336 1610 non
1359 1546 1466 1610 multi·

401 1717 420 1744 ἢ
511 1651 642 1739 plicabit
653 1652 711 1715 sibi
724 1673 834 1735 equos,
845 1671 901 1711 nec
913 1648 1042 1712 reducet
1054 1649 1210 1734 populum
1222 1649 1255 1712 in
1269 1651 1462 1735 AEgyptum‚

512 1755 678 1840 equitatus
690 1775 822 1816 numero
833 1750 1034 1816 sublevatus:
1052 1756 1228 1835 praesertim
1241 1775 1340 1837 quum
1353 1753 1464 1816 Domi-

512 1879 573 1919 nus
601 1855 789 1940 praeceperit
816 1853 917 1932 vobis,
944 1865 980 1916 ut
1009 1874 1212 1938 nequaquam
1243 1853 1379 1939 amplius
1407 1878 1462 1941 per

511 1957 643 2020 eandem
660 1957 741 2018 viam
763 1955 975 2020 revertamini.
1021 1956 1094 2019 Non
1116 1956 1247 2021 habebit
1262 1981 1377 2021 uxores
1393 1956 1462 2043 plu·

511 2062 608 2123 rimas
634 2081 707 2142 quae
730 2057 869 2120 afficiant
890 2057 1026 2122 animam
1054 2059 1134 2142 ejus,
1155 2082 1259 2144 neque
1281 2061 1404 2144 argenti
1430 2072 1461 2122 et

510 2160 580 2223 auri
596 2160 748 2221 immensa
769 2158 919 2244 pondera.
967 2163 1143 2246 Postquam
1164 2175 1272 2226 autem
1296 2163 1411 2226 sederit
1427 2164 1459 2225 in

512 2260 590 2324 solio
613 2260 702 2345 regni
727 2259 787 2337 sui,
811 2260 966 2325 describet
990 2261 1048 2324 sibi
1072 2264 1355 2327 Deuteronomium
1382 2264 1462 2349 legis

511 2363 610 2448 hujus
626 2362 657 2425 in
675 2362 847 2439 volumine,
862 2362 1018 2447 accipiens
1036 2369 1197 2449 exemplar
1213 2388 1231 2427 a
1246 2366 1462 2430 sacerdotibus

512 2466 667 2529 Leviticae
682 2465 794 2538 tribus,
812 2478 844 2529 et
860 2465 990 2529 babebit
1006 2489 1122 2540 secum,
1140 2466 1287 2553 legetque
1301 2467 1379 2532 illud
1396 2492 1462 2531 our-

511 2566 607 2630 nibus
631 2565 744 2629 diebus
768 2566 842 2630 vitae
867 2589 945 2643 suae,
969 2580 1005 2632 ut
1028 2567 1129 2632 discat
1153 2568 1262 2633 timere
1284 2569 1460 2632 Dominum

510 2669 616 2735 Deum
641 2691 747 2744 suum,
768 2681 800 2732 et
820 2669 980 2733 custodire
996 2671 1093 2734 verba
1114 2683 1146 2734 et
1169 2670 1358 2734 ceremonias
1380 2674 1461 2758 ejus,

511 2792 585 2855 quae
600 2768 632 2833 in
648 2768 718 2853 lege
734 2782 893 2855 praecepta
910 2784 996 2835 sunt.
1039 2772 1107 2835 Nec
1122 2772 1263 2838 elevetur
1278 2796 1332 2837 cor
1346 2774 1415 2859 ejus
1429 2774 1460 2837 in

511 2871 689 2956 superbiam
712 2894 808 2955 super
823 2872 937 2936 fratres
960 2896 1044 2950 suos,
1061 2897 1165 2960 neque
1184 2875 1319 2940 declinet
1336 2877 1368 2939 in
1390 2900 1461 2963 par-

462 3058 464 3065 .
511 2986 574 3036 tem
599 2972 762 3036 dexteram
784 2973 833 3036 vel
852 2973 1027 3049 sinistram3
1056 2990 1091 3039 ut
1114 2976 1209 3061 longo
1230 2990 1371 3065 tempore
1392 3002 1461 3063 reg-

511 3086 565 3137 net
588 3072 656 3158 ipse
671 3084 701 3137 et
718 3072 805 3136 filius
820 3075 888 3159 ejus
911 3098 1007 3160 super
1023 3076 1131 3141 lsrael.
1178 3080 1209 3139 N
1213 3079 1335 3164 unqnid
1353 3103 1462 3165 quaeso

510 3175 599 3239 nulla
613 3175 683 3260 lege
698 3187 850 3253 arctatur,
866 3199 961 3261 quem
983 3176 1035 3241 lex
1050 3182 1111 3243 ista
1131 3181 1341 3264 constringit?
1381 3186 1462 3246 Haec

511 3277 624 3361 utique
638 3277 746 3340 divina
760 3290 818 3357 est,
830 3290 861 3341 et
873 3281 1003 3363 impune
1018 3279 1095 3343 solvi
1112 3302 1173 3343 non
1189 3292 1303 3363 potest.
1329 3283 1462 3367 Singula

511 3376 609 3440 verba
624 3379 693 3461 ejus
713 3378 739 3440 si
761 3382 884 3462 sapiant
908 3381 940 3441 in
963 3381 1092 3443 auribus
1112 3380 1304 3466 principum,
1322 3384 1462 3449 tonitrua

512 3490 596 3542 sunt.
643 3480 751 3542 Taceo
766 3480 806 3541 de
821 3480 973 3545 electione
988 3481 1068 3566 ejus,
1084 3494 1116 3545 et
1131 3482 1233 3545 forma
1248 3482 1326 3566 ejus,
1338 3508 1412 3569 quae
1428 3487 1460 3550 in

513 3579 670 3665 Principis
684 3582 841 3646 creatione
852 3583 1003 3667 exigitur.
1042 3584 1177 3647 Vivendi
1194 3583 1461 3673 lornrulam‚quae

512 3683 540 3746 ei
558 3682 745 3769 praescripta
766 3698 825 3764 est,
839 3707 962 3748 mecum
978 3684 1141 3772 paulisper
1155 3686 1295 3750 attende.
1341 3691 1460 3766 Quum,

510 3784 626 3870 inquit,
639 3785 737 3848 luerit
753 3787 958 3859 constitum,
971 3790 1027 3871 qui
1044 3810 1076 3849 se
1092 3787 1189 3853 totius
1204 3788 1316 3873 populi
1330 3790 1460 3853 fratrem

509 3886 670 3970 religionis
692 3886 794 3963 cultu,
817 3900 849 3950 et
872 3887 989 3952 affectu
1013 3892 1153 3955 caritatis
1177 3888 1373 3976 profiteatur,
1397 3914 1460 3957 non

510 3987 735 4072 multiplicabit
765 3989 824 4053 sibi
856 4011 966 4073 equos,
996 4013 1134 4075 quorum
1165 3993 1390 4057 numerositate
1420 3996 1461 4061 sit

510 4086 645 4151 subditis
667 4110 828 4154 onerosus.
873 4092 987 4173 Equos
1008 4092 1138 4177 quidem
1166 4092 1388 4179 multiplicare,
1412 4111 1461 4161 est

509 4185 618 4272 plures
632 4210 727 4273 quam
740 4188 808 4273 ipsa
822 4189 990 4253 necessitas
1001 4192 1120 4275 exigat,
1131 4215 1220 4256 vanae
1232 4194 1342 4278 gloriae
1357 4190 1463 4276 causa,

509 4287 559 4350 vel
587 4287 700 4351 erroris
729 4287 860 4353 alterius
890 4312 1093 4374 congregare.
1149 4291 1293 4356 Multum
1321 4296 1403 4358 enim
1430 4308 1461 4360 et

508 4412 634 4476 parum,
650 4389 675 4453 si
693 4391 980 4476 Peripateticorum
1003 4392 1177 4478 principem
1194 4388 1370 4479 sequimur,
1385 4397 1463 4482 legi-
