3575 5575
331 828 401 875 ota.
416 812 513 891 xvra]
703 825 958 872 vonvcnarrcus.
1220 809 1283 870 338

333 981 445 1045 bitavit
459 993 565 1045 autem
580 982 614 1044 in
630 993 791 1065 portarum
806 977 983 1054 restibulis,
998 983 1030 1040 et
1048 977 1083 1039 in
1108 976 1284 1059 porticibus

333 1082 508 1156 civitatum,
539 1103 770 1167 usquequaque
800 1079 955 1162 profitens
981 1099 1099 1155 verum,
1125 1087 1157 1141 et
1182 1088 1284 1141 trans-

334 1185 476 1247 euntium
488 1187 622 1266 abigeus
632 1196 687 1247 aut
696 1194 810 1247 notans
821 1181 906 1259 vitia,
916 1202 987 1264 quae
997 1201 1100 1243 mores
1110 1180 1284 1246 foedabant.

334 1286 505 1370 Quumque
520 1308 553 1349 se
569 1295 729 1369 torqueret
743 1285 778 1346 in
793 1283 890 1360 dolio,
905 1303 939 1345 se
963 1282 1094 1344 domurn
1115 1282 1286 1346 volubilem

331 1385 448 1450 babere
465 1386 647 1468 jocabatur,
658 1395 690 1448 et
700 1405 735 1446 se
750 1405 823 1446 eum
839 1382 1039 1462 temporibus
1053 1382 1284 1446 immutantem.

332 1488 460 1568 Frigore
475 1487 561 1550 euim
584 1508 621 1549 os
644 1486 724 1550 dolii
748 1486 888 1548 vertebat
910 1482 945 1544 in
972 1481 1148 1558 meridiem,
1175 1493 1284 1548 aestate

332 1587 375 1650 ad
389 1587 658 1670 septentrionem3
683 1598 716 1650 et
734 1585 919 1667 ubicunque
944 1584 1000 1647 sol
1015 1605 1051 1646 se
1065 1584 1285 1661 inclinaverat,

332 1688 488 1769 Diogenis
503 1689 598 1752 simul
613 1688 793 1772 praetorium
809 1686 996 1748 vertebatur.
1044 1685 1192 1756 Quodam
1208 1706 1284 1749 vero

332 1799 486 1869 tempore,
502 1810 600 1871 quum
615 1789 649 1850 in
665 1808 756 1850 usum
772 1782 906 1868 potandi
922 1782 1056 1847 calicem
1072 1784 1212 1866 ligneum
1229 1807 1283 1866 ge·

331 1902 424 1968 reret,
447 1889 524 1953 vidit
548 1912 685 1974 puerum
711 1910 807 1952 manu
830 1908 973 1950 concava
999 1888 1121 1964 bibere,
1143 1898 1175 1950 et
1200 1889 1284 1952 elisit

332 1992 454 2054 eumin
475 2002 558 2056 terra
584 1992 715 2055 dicens:
761 1990 955 2052 Nesciebam
980 1988 1066 2072 quod
1092 1998 1205 2053 natura
1230 1989 1286 2053 ha-

331 2095 421 2156 beret
435 2094 597 2176 poculum.
645 2088 736 2156 Nihil
759 2112 899 2174 unquam
925 2089 966 2152 de
992 2091 1089 2153 animi
1111 2090 1213 2173 rigore
1237 2114 1286 2156 re-

332 2194 430 2272 misit,
444 2195 478 2256 in
494 2194 607 2258 eodem
634 2193 743 2257 vultus
768 2204 878 2255 tenore
906 2190 1000 2254 etiam
1024 2191 1165 2255 adversis
1190 2193 1287 2257 inter·

332 2297 526 2379 pellentibus
546 2296 695 2379 perstitit,
717 2305 750 2357 et
771 2306 806 2357 ut
827 2295 922 2376 plene
944 2293 1142 2356 Socraticum
1165 2316 1287 2374 nosseS,

333 2399 464 2462 calcatis
475 2399 655 2462 turbinibus
676 2395 889 2472 fortuitorum,
901 2393 1042 2457 adversis
1057 2415 1183 2458 omnem
1199 2396 1287 2460 dolo·

332 2522 398 2563 rem
412 2512 443 2564 et
458 2502 632 2576 miseriam,
647 2499 797 2562 uniformi
813 2498 940 2562 duravit
967 2497 1142 2580 proposito.
1188 2498 1284 2565 Dice-

332 2603 388 2664 bat
414 2603 501 2664 enim
524 2601 593 2664 haec
617 2622 744 2684 semper
765 2622 785 2664 a
807 2599 1005 2681 Philosopho
1032 2598 1146 2674 aliena,
1169 2612 1201 2664 et
1221 2602 1281 2666 im-

333 2714 441 2785 potem
457 2703 504 2765 sui
521 2703 674 2779 animum,
687 2702 721 2764 in
737 2723 833 2784 quem
855 2702 988 2763 fortunae
1012 2699 1177 2783 quippiam
1197 2703 1281 2768 licet.

331 2804 489 2866 Virtutem
504 2803 574 2888 ejus
589 2815 621 2867 et
635 2804 875 2882 continentiam,
890 2822 975 2864 mors
996 2822 1126 2885 quoque
1150 2803 1282 2870 indicat.

334 2905 419 2968 Nam
444 2925 541 2989 quum
564 2904 604 2967 ad
627 2925 762 2985 agonem
782 2902 999 2987 Olympicum,
1022 2903 1076 2987 qui
1092 2926 1209 2987 magna
1222 2906 1284 2971 fre-

334 3008 464 3089 quentia
484 3007 519 3069 in
539 3007 668 3069 Graecia
687 3007 917 3084 celebrabatur,
926 3004 994 3089 jam
1016 3026 1116 3068 senex
1138 3020 1283 3090 pergeret

331 3108 413 3171 febri
438 3109 471 3171 in
495 3108 607 3171 itinere
630 3108 860 3191 apprehensus,
883 3107 1038 3170 occubuit
1063 3108 1097 3169 in
1121 3109 1285 3193 crepidine

331 3212 400 3274 viae.
441 3212 634 3275 Volentibus
649 3222 754 3273 autem
770 3209 894 3284 amicis,
909 3217 963 3271 aut
978 3208 1011 3270 in
1021 3208 1214 3292 jumentum,
1229 3224 1285 3277 aut

330 3313 365 3375 in
381 3312 563 3375 vehiculum
579 3313 699 3387 tollere,
715 3332 781 3373 non
804 3309 974 3393 acquievit,
989 3309 1048 3373 sed
1074 3312 1229 3375 transiens
1243 3314 1286 3379 ad

331 3414 451 3477 arboris
467 3416 621 3489 umbram,
636 3413 697 3477 ait:
724 3412 819 3475 Abite
835 3432 956 3495 quaese,
971 3420 1004 3475 et
1019 3422 1198 3494 spectatum
1213 3437 1285 3499 per-

331 3516 406 3594 gite.
437 3516 519 3577 Haec
535 3537 604 3577 nox
618 3524 673 3577 aut
684 3536 735 3577 me
748 3515 903 3579 victorem
916 3514 1077 3596 probabit,
1089 3525 1143 3578 aut
1153 3517 1283 3583 victum.

331 3618 366 3680 Si
382 3618 503 3678 febrem
518 3616 636 3692 vicero,
651 3616 693 3677 ad
709 3637 846 3696 agonem
871 3616 1018 3687 veniam
1035 3616 1062 3677 si
1088 3637 1139 3677 me
1164 3618 1285 3698 vicerit,

333 3718 375 3782 ad
390 3716 513 3779 inferna
527 3716 730 3779 descendam.
767 3718 883 3799 Ibique
899 3723 1099 3797 pernoctem
1119 3716 1199 3779 eliso
1214 3729 1286 3800 gut·

330 3831 411 3896 ture,
426 3839 492 3882 non
506 3828 573 3879 tarn
596 3818 677 3879 mori
693 3815 808 3904 segait,
834 3836 932 3899 quum
960 3815 1080 3877 febrem
1107 3828 1206 3880 morte
1227 3840 1284 3883 ea-

331 3919 470 3983 eludere.
515 3918 684 3998 Deceptus
700 3916 853 3998 opinione
869 3916 1004 3977 virorum
1021 3916 1147 3979 fortium
1173 3928 1205 3983 et
1228 3942 1285 3985 ex.

332 4022 450 4104 emplo,
463 4020 498 4083 in
523 4029 675 4082 extremae
702 4017 898 4081 difficultatis
923 4017 1069 4096 articulo,
1092 4038 1134 4081 ne
1158 4019 1287 4087 aliunde

330 4121 506 4200 inferretur,
531 4130 664 4183 mortem
691 4120 868 4183 ultroneam
894 4119 1029 4183 credidit
1059 4123 1284 4205 appetendam.

331 4219 545 4304 Praejudicata
568 4218 726 4305 siquidem
750 4221 861 4303 opinio
887 4219 1132 4304 sapientioribus
1154 4244 1284 4304 persua·

332 4333 415 4387 serat
436 4322 472 4384 in
502 4342 682 4399 commune,
707 4332 744 4384 ut
772 4333 905 4384 mortem
936 4342 1111 4404 provocare
1140 4323 1282 4403 mallent,

331 4445 427 4508 quam
448 4433 540 4506 turpe
564 4423 686 4507 aliquid
709 4423 872 4486 sustinere.
918 4424 1009 4485 Fecit
1034 4422 1094 4486 boc
1122 4423 1215 4503 Cato,
1238 4427 1282 4491 fe·
