3575 5575
343 803 413 847 car.
429 785 519 863 nnn]
685 800 938 847 mercatrices.
1232 785 1295 844 315

347 955 450 1031 fuerit,
466 955 532 1018 sive
547 977 605 1039 pro
621 975 683 1017 me.
729 957 813 1016 Nam
840 953 868 1015 si
887 951 1014 1036 judices
1039 973 1098 1034 pro
1114 971 1210 1015 causa
1224 971 1298 1014 mea

346 1056 515 1132 senserint,
529 1056 609 1117 nihil
630 1056 690 1118 tibi
705 1077 747 1118 ex
767 1054 926 1117 sententia
946 1051 1124 1129 debebitur,
1140 1053 1215 1136 quia
1236 1074 1296 1134 ego

346 1157 470 1232 vicer03
485 1157 512 1218 si
537 1167 648 1219 contra
668 1156 916 1238 pronunciatum
940 1155 1045 1229 fuerit,
1072 1155 1153 1217 nihil
1168 1154 1226 1216 tibi
1254 1175 1297 1218 ex

342 1267 438 1341 pacto
453 1256 567 1334 debeo,
592 1257 667 1340 quia
692 1279 758 1319 non
784 1256 899 1319 vicero.
946 1255 1000 1319 Sic
1027 1256 1068 1318 ab
1094 1254 1298 1319 adolescente

345 1359 518 1442 discipulo,
544 1360 695 1439 magister
728 1358 919 1441 eloquentiae
954 1358 1094 1440 inclytus
1121 1379 1179 1421 suo
1205 1377 1297 1439 argu-

347 1470 455 1522 mento
471 1459 664 1538 confutatus,
679 1470 712 1522 et
727 1459 887 1542 captionis
902 1470 1045 1532 versntoe,
1061 1470 1093 1522 et
1107 1458 1297 1541 excogitatas

347 1560 512 1622 frustratus
536 1560 603 1622 fuit.
649 1560 742 1622 Tunc
768 1557 908 1642 judices,
932 1567 967 1620 ut
991 1558 1130 1640 antiquae
1157 1557 1298 1624 historiae

346 1663 451 1724 verbis
487 1672 568 1737 utar,
597 1662 769 1725 dubiosum
802 1661 866 1725 hoc
897 1660 1191 1743 ineirplicabileque
1226 1680 1296 1723 esse

345 1762 431 1847 quod
469 1764 628 1846 utrimque
665 1763 831 1826 dicebatur
866 1761 937 1840 rati,
964 1783 1005 1824 ne
1043 1761 1203 1828 sententia
1237 1782 1297 1826 sua

345 1875 510 1949 utramque
538 1865 572 1927 in
601 1875 724 1948 partem
761 1864 859 1942 dicta,
888 1865 958 1946 ipsa
991 1883 1061 1926 sese
1090 1863 1296 1938 rescinderet,

343 1966 554 2050 injudicatam
586 1967 792 2051 reliquerunt,
821 1987 950 2030 causam
988 1966 1021 2028 in
1055 1963 1143 2027 diem
1175 1964 1294 2045 longis-

344 2067 460 2131 simum
481 2070 683 2150 protelantes.
736 2071 808 2131 Nec
834 2069 970 2130 multum
994 2067 1088 2130 refert
1112 2067 1154 2129 ad
1179 2087 1296 2150 propo·

345 2169 452 2242 situm,
475 2169 688 2252 Pythagoras,
705 2192 746 2232 an
766 2169 969 2252 Protagoras,
986 2169 1070 2233 sicut
1093 2165 1295 2241 Quintiliano

343 2270 449 2352 placet
463 2280 497 2332 et
511 2272 593 2358 Aulo
609 2272 718 2336 Gellio
744 2269 927 2353 litigaverit,
943 2291 1048 2355 neque
1069 2245 1303 2334 6ἶᾶῗῖἷῖἷὲ

342 2371 376 2433 in
397 2319 776 2449 nominffdu‘m'oo‘niiet
790 2393 857 2435 rem
876 2372 1061 2454 ambiguam
1079 2371 1148 2434 sine
1169 2371 1295 2435 temeri-

342 2484 406 2538 tate
422 2474 548 2537 diffiniri
564 2496 627 2538 non
645 2497 750 2557 posse.
789 2475 871 2538 Sunt
890 2483 997 2537 autem
1016 2475 1124 2536 multae
1140 2476 1294 2557 captiosae

342 2576 547 2659 quaestiones,
570 2596 642 2657 qnae
664 2576 762 2639 tutius
780 2585 813 2638 et
834 2572 1045 2649 commodius,
1065 2575 1241 2657 praesertim
1260 2576 1295 2638 in

337 2675 482 2759 judiciis,
494 2675 691 2753 differuntur,
702 2698 797 2759 quam
808 2677 1035 2740 accelerentur.
1059 2677 1156 2740 Unde
1167 2687 1199 2740 et
1208 2675 1295 2760 apud

343 2777 552 2855 Dialecticos,
563 2798 664 2859 geum
674 2778 737 2842 hoc
749 2777 885 2869 lractus
897 2777 1087 2859 appellatur,
1098 2778 1296 2843 ctaGraecis

344 2876 461 2939 dicitnr
486 2873 618 2954 Ζῆτησις,
641 2878 708 2955 ubi,
733 2874 889 2961 quicquid
915 2897 1024 2939 verum
1046 2898 1116 2939 esse
1136 2878 1295 2957 statueris,

342 2977 457 3040 falsum
473 2978 634 3060 reperitur.
665 2980 720 3056 Et,
735 2978 764 3040 si
780 2980 968 3062 plerumque
983 2978 1017 3040 in
1033 2979 1084 3041 his
1104 3001 1160 3063 per
1174 3000 1294 3065 excep-

341 3079 461 3141 tionem
477 3079 543 3142 doli
559 3080 635 3143 mali
649 3076 749 3164 possit
767 3100 817 3142 res
830 3080 1009 3163 temperari,
1025 3093 1057 3144 et
1073 3081 1207 3165 aequitas
1222 3082 1294 3167 ipsa

333 3179 418 3263 juris
440 3181 599 3244 interdum
627 3193 724 3265 queat
748 3181 893 3263 mitigare
919 3182 1063 3262 rigorem,
1089 3183 1153 3245 nisi
1178 3205 1291 3265 urgen-

338 3280 462 3346 tissima
476 3304 579 3346 rerum
599 3284 773 3347 necessitas
793 3295 898 3364 cogat,
912 3284 945 3345 in
962 3284 1078 3347 talibus
1099 3285 1291 3351 sententiam

341 3382 474 3465 expedit
489 3382 626 3464 differre,
640 3404 736 3466 quam
752 3383 842 3445 ferre.
888 3384 969 3445 Fere
987 3404 1006 3445 a
1023 3404 1123 3466 puero
1139 3384 1293 3464 didicisti,

340 3485 417 3565 quia
438 3486 472 3546 in
496 3486 728 3568 quaestionibus
749 3506 821 3569 quae
844 3485 967 3548 habent
988 3486 1165 3567 positiones
1187 3482 1291 3570 impli-

340 3586 431 3660 citas,
451 3596 484 3646 et
505 3606 576 3668 quae
597 3587 732 3647 latenter
752 3586 919 3648 involvunt
941 3587 1109 3662 contraria,
1131 3587 1292 3652 laboriosa

340 3685 456 3748 solutio
471 3694 530 3761 est,
545 3684 606 3745 nisi
622 3685 701 3748 forte
722 3697 752 3747 te
774 3686 905 3768 antiquo
921 3687 1058 3749 Nestore
1074 3698 1205 3769 reputes·
1216 3708 1291 3751 cau·

342 3786 463 3848 tiorem.
510 3787 561 3848 Ne
591 3785 703 3848 credas
732 3786 869 3858 somnio,
903 3785 1138 3866 Agamemnoni
1167 3787 1291 3853 dictum

340 3888 429 3951 estin
447 3886 577 3964 somnis,
587 3886 663 3949 dum
675 3888 709 3949 in
722 3885 851 3949 excidio
867 3886 973 3971 Trojae
986 3886 1114 3949 Graecia
1123 3888 1291 3955 laboraret.

340 3988 449 4071 Hujus
479 4008 608 4071 quoque
637 3988 755 4051 somnii
783 3986 1087 4070 interpretationem,
1112 3988 1186 4050 Jovi
1216 4009 1291 4053 ceu-

340 4096 471 4152 suerunt
494 4090 681 4152 Graecornm
702 4087 930 4172 sapientissimi
951 4088 1182 4153 reservandam.
1230 4091 1292 4156 La·

340 4188 490 4251 borantes
512 4189 579 4252 vidi
604 4188 867 4273 quamplurimos,
887 4188 961 4251 dum
975 4189 1140 4273 'quaeritur
1166 4212 1206 4253 an
1234 4191 1290 4274 qui

341 4288 433 4362 dicit,
449 4312 510 4371 ego
531 4292 678 4367 mentior,
694 4312 801 4354 rerum
822 4291 919 4353 (licat.
964 4289 1031 4355 Sed
1048 4291 1209 4353 neminem
1224 4291 1290 4357 vidi

340 4389 396 4473 qui
419 4390 557 4472 Scyllam
581 4392 691 4454 vitaret
710 4403 742 4453 et
763 4390 972 4472 Charybdim,
993 4389 1054 4451 nisi
1077 4389 1215 4453 debilem
1236 4400 1290 4457 aut
