3575 5575
346 786 416 831 oar.
434 769 502 848 xv.]
519 817 524 824 .
693 787 945 834 ronrcatrrcus.
1257 776 1298 833 83

345 936 474 1004 tissimae
499 939 671 1024 passiones.
717 941 882 1004 Somnium
907 963 982 1004 vero
1008 942 1098 1027 cujus
1123 940 1296 1026 appellatio

342 1041 518 1105 communis
539 1054 598 1116 est,
619 1041 692 1108 licet
714 1042 746 1105 in
769 1043 873 1128 specie
895 1044 1025 1128 propria
1046 1056 1221 1118 censeatur,
1236 1065 1295 1128 per

342 1143 489 1229 quaedam
513 1143 675 1210 involucra
698 1167 804 1209 rerum
826 1146 909 1232 gerit
935 1147 1099 1232 imagines,
1120 1146 1152 1208 in
1174 1145 1295 1231 quibus

341 1247 555 1332 conjectorum
585 1247 743 1334 praecipue
772 1248 940 1335 disciplina
966 1261 1121 1326 versatur,
1145 1261 1177 1313 et
1207 1271 1292 1312 nunc

342 1339 436 1411 suum
458 1350 617 1436 cujusque
642 1361 701 1427 est,
722 1371 807 1415 nunc
832 1350 982 1428 alienum,
1005 1373 1090 1415 nnnc
1115 1373 1294 1431 commune,

339 1451 500 1516 interdum
525 1452 701 1537 publicum,
726 1467 783 1518 aut
807 1452 954 1538 generale
975 1467 1032 1518 est.
1080 1454 1119 1516 In
1143 1453 1193 1516 his
1217 1476 1292 1516 vero

340 1553 488 1616 omuibus
510 1553 646 1638 qualitas
672 1575 891 1638 personarum,
915 1576 1033 1630 rerum,
1056 1566 1088 1618 et
1111 1566 1291 1640 temporum

342 1652 579 1738 diligentissime
600 1655 797 1719 observatur.
841 1659 889 1720 Ut
915 1655 1067 1720 enimait
1098 1659 1225 1732 Nestor,
1252 1655 1293 1718 de

342 1766 427 1819 statu
453 1755 583 1842 publico
612 1756 696 1841 regis
720 1756 870 1821 credatur
900 1759 1032 1838 somnio,
1055 1771 1112 1822 aut
1135 1758 1205 1843 ejus
1234 1759 1291 1843 qui

340 1859 562 1942 magistratum
582 1859 676 1944 gerit,
693 1858 741 1922 vel
763 1881 797 1921 re
818 1858 947 1944 quidem
964 1858 1013 1922 vel
1030 1859 1075 1922 rei
1091 1858 1194 1922 vicina
1208 1880 1291 1944 praa-

340 1959 563 2037 destinatione,
584 1973 641 2024 aut
664 1961 690 2025 si
712 1959 850 2045 publicae
873 1961 1012 2026 fortunae
1035 1961 1163 2046 signum
1184 1972 1290 2024 osten-

339 2084 411 2126 sum
436 2075 484 2127 est
508 2061 629 2139 multis,
656 2076 692 2128 ut
722 2063 754 2125 in
781 2085 819 2125 eo
848 2063 936 2149 quod
960 2063 1108 2150 pluribus
1137 2063 1290 2128 Romanis

338 2163 471 2240 civibus,
503 2164 676 2228 secundum
707 2163 862 2251 quosdam
896 2165 1018 2252 Sibylla
1045 2167 1219 2253 interprete
1249 2164 1289 2228 de

340 2269 493 2353 mysterio
508 2267 742 2346 incarnationis,
757 2267 932 2332 revelatum
950 2268 1110 2333 scribitur.
1155 2269 1200 2331 Et
1217 2267 1289 2353 qui·

337 2367 411 2432 dem
427 2390 489 2431 non
505 2368 600 2432 modo
614 2368 848 2445 incarnationis,
858 2369 913 2432 sed
929 2368 1093 2455 passionis,
1103 2368 1290 2434 ascensionis

337 2485 409 2556 post
431 2470 704 2548 resurrectionem,
719 2471 875 2536 adventus
894 2494 1024 2557 quoque
1044 2470 1175 2535 secundi
1195 2471 1290 2535 inter·

337 2595 421 2659 pree,
452 2573 585 2638 docente
611 2567 649 2637 et'
668 2573 809 2637 dictante
833 2574 961 2658 spiritu,
988 2573 1138 2659 patefecit
1165 2596 1288 2651 arcana,

338 2675 421 2739 sieut
436 2678 467 2738 in
485 2675 631 2739 versibus
655 2673 818 2760 Sibyllinis
833 2674 998 2737 manifeste
1013 2675 1157 2760 reperies
1203 2676 1289 2751 Quo·

337 2800 409 2841 rum
424 2776 523 2854 istud,
539 2779 620 2841 sicut
638 2776 671 2840 iu
691 2776 853 2863 plerisque
872 2787 1000 2861 patrum
1023 2775 1189 2862 scripturis
1203 2775 1291 2841 inve·

338 2882 437 2956 nitur,
452 2879 581 2943 initium
596 2889 662 2943 est:

476 2988 493 3039 J
494 2988 572 3041 udicii
584 2989 696 3056 signum,
710 2987 787 3041 tellus
800 2988 891 3040 sudore
903 2988 1061 3041 mandasset.

338 3084 370 3147 Si
388 3105 462 3147 vero
484 3083 589 3171 apices
610 3082 760 3169 capitales
782 3082 981 3168 singulorum
1005 3105 1153 3148 versuum
1177 3106 1216 3147 ex
1239 3107 1289 3148 or-

336 3186 410 3251 dine
432 3186 678 3271 conjungantur,
694 3184 734 3249 ad
762 3184 1018 3250 confundendam
1042 3185 1205 3271 perfidiam
1228 3190 1288 3252 Ju-

335 3288 478 3353 daeorum
506 3289 566 3353 boc
594 3289 756 3353 invenitur
781 3310 984 3374 expressum:
1016 3290 1114 3353 Jesus
1141 3288 1289 3352 Christus

336 3386 421 3464 Θεὸς,
437 3385 560 3475 Σσπῆςε
584 3387 642 3451 nisi
667 3387 753 3474 quod
774 3387 805 3451 in
827 3386 938 3473 lingua
961 3387 1079 3451 Latina
1102 3387 1288 3451 Graecarum

332 3488 496 3554 literarum
514 3489 691 3575 proprietas
710 3489 750 3554 ad
772 3488 901 3575 plenum
917 3510 979 3551 non
996 3489 1103 3574 potuit
1117 3488 1288 3553 observari.

337 3591 432 3677 Ipsos
451 3612 525 3653 vero
541 3611 661 3671 versus,
684 3602 721 3654 ut
743 3590 866 3677 opinor,
886 3590 972 3675 apud
999 3592 1132 3656 Beatum
1157 3594 1289 3675 Augus-

335 3691 437 3756 tinum
461 3690 492 3754 in
516 3690 598 3755 libro
619 3691 660 3755 de
684 3693 822 3756 Civitate
849 3693 912 3756 Dei
933 3692 1083 3756 invenies.
1129 3694 1189 3756 Est
1212 3714 1288 3774 ergo

334 3793 477 3880 mysticae
492 3792 621 3857 visionis
636 3794 705 3879 ejus
719 3805 863 3879 caputet
879 3814 1003 3856 summa
1017 3792 1163 3871 intentio,
1174 3794 1287 3857 desum

334 3899 390 3981 qui
419 3895 699 3982 praefigurabatur,
728 3893 949 3959 indubitanter
984 3917 1052 3958 esse
1086 3894 1186 3958 lilium
1225 3895 1288 3960 Dei

334 3996 409 4074 vivi,
425 3998 585 4063 hominem
600 4019 724 4076 verum,
734 3996 878 4083 judicem
899 3995 1054 4073 omnium,
1071 4018 1176 4082 regem
1196 4011 1289 4062 aeter·

333 4120 421 4181 num,
433 4112 701 4165 remuneratorem
716 4097 911 4187 sperantium
924 4097 955 4162 in
973 4121 1017 4179 se,
1028 4110 1189 4162 auctorem
1201 4100 1289 4180 vitae,

333 4216 365 4264 et
391 4211 517 4265 aterne
548 4200 758 4267 beatitudinis
788 4222 826 4265 ex
858 4200 963 4285 gratia
992 4198 1185 4285 largitorem.
1240 4204 1289 4265 Re

339 4300 470 4386 quidem
495 4303 544 4366 vel
568 4304 611 4367 rei
636 4304 739 4367 vicina
760 4302 1049 4390 praedestinutione,
1073 4303 1146 4367 ideo
1167 4302 1289 4366 dictum

338 4416 397 4478 est,
414 4403 490 4487 quia
506 4404 711 4487 magistratus
732 4428 817 4469 nunc
837 4426 977 4491 praesens
990 4404 1193 4488 intelligitur,
1209 4422 1293 4466 nunc

789 4514 847 4569 οἳ
