3575 5575
343 806 414 854 cna.
429 793 529 872 κιαι]
694 808 947 856 mascamcns.
1232 800 1291 859 121

345 956 405 1022 sibi
419 957 620 1024 manifestata
639 983 706 1025 esse
725 951 979 1046 congratulatur,
992 983 1090 1046 opera
1110 963 1180 1048 ejus
1196 985 1294 1049 supra

260 1091 264 1097 ·
344 1081 470 1125 sensum
485 1061 620 1127 hominis
634 1062 836 1149 magnificata
853 1064 977 1140 asserit,
992 1077 1025 1128 et
1040 1064 1117 1128 dum
1134 1077 1297 1130 scrutatur

344 1264 454 1329 noscit.
501 1269 590 1331 Huic
607 1267 734 1332 veritati
755 1279 919 1346 consonat,
940 1267 1027 1354 quod
1048 1267 1081 1331 in
1105 1267 1296 1332 Ecclesiaste

344 1377 473 1430 sanctus
489 1366 635 1431 Salomon
650 1368 683 1431 in
700 1366 815 1431 auditu
829 1366 971 1430 fidelium
987 1367 1210 1436 concionatum
1235 1368 1296 1435 Est

345 1465 441 1528 homo
459 1469 518 1552 qui
540 1466 656 1532 diebus
677 1481 709 1531 et
733 1467 881 1532 noctibus
902 1490 967 1533 nou
988 1467 1073 1552 capit
1095 1467 1194 1531 oculis
1216 1489 1298 1531 som·

345 1587 435 1642 num,
451 1579 482 1630 et
498 1566 642 1632 intellexi
663 1568 751 1653 quod
773 1571 916 1631 omnium
936 1589 1069 1652 operum
1086 1567 1158 1641 Dei,
1174 1568 1296 1632 nullam

345 1667 487 1731 invenire
501 1668 601 1751 possit
621 1668 717 1732 bomo
739 1669 891 1733 rationem
913 1690 1023 1731 eorum
1046 1690 1121 1753 quaa
1142 1681 1215 1733 sunt
1236 1669 1297 1732 sub

347 1766 422 1830 sola
472 1769 517 1832 Et
542 1781 663 1852 quanto
692 1768 765 1853 plus
794 1767 986 1832 laboraverit
1008 1767 1049 1833 ad
1076 1767 1296 1853 quarendum,

346 1879 438 1933 tanto
452 1867 556 1931 minus
571 1869 725 1945 inveniet;
745 1869 867 1934 etiarnsi
879 1870 996 1936 dixerit
1011 1872 1135 1955 sapiens
1149 1891 1182 1932 se
1195 1892 1298 1946 nosse,

347 1989 412 2032 non
438 1969 555 2054 poterit
582 1972 729 2055 reperire.
775 1971 808 2034 Si
835 1993 869 2034 er
891 1994 912 2033 o
940 1970 1075 2033 inveniri
1101 1990 1162 2032 non
1158 1983 1297 2062 potest

340 2070 946 2234 Qffilqipmfflplene
883 2070 1136 2170 suprasolarium
1152 2070 1299 2135 redditu·

346 2193 403 2236 rus
423 2184 470 2235 est
493 2171 671 2234 rationem?
710 2172 791 2245 Quis
813 2194 896 2235 enim
846 2160 1070 2256 cognorit
1086 2158 1210 2235 sensum
1233 2175 1301 2235 Do-

348 2263 438 2349 mini,
452 2247 581 2336 aut
525 2272 596 2357 quis
583 2249 856 2336 oobsiliarius
829 2293 900 2358 ejus
914 2272 1000 2336 fuit?
1040 2271 1198 2337 Constat
1190 2284 1300 2358 itaqua

350 2376 561 2440 siccationem
578 2376 721 2439 omnium
737 2373 881 2438 veritatis
902 2373 1014 2437 ardore
1029 2376 1246 2459 quaerendam,
1261 2389 1299 2441 ut

348 2476 404 2561 pia
416 2475 553 2540 intentio
573 2497 661 2539 suam
684 2474 898 2539 infirmitatem
896 2489 1081 2579 agnoscat,
1097 2489 1129 2542 et
1144 2500 1184 2540 ex
1198 2479 1300 2542 omni·

350 2580 394 2644 bu
375 2603 412 2644 us
438 2601 471 2642 re
491 2571 534 2642 us
528 2563 715 2664 proficiat,
692 2562 838 2641 duiii
841 2559 910 2640 sibi
937 2579 1128 2662 persuaserit
1156 2578 1299 2642 divinam

349 2680 545 2765 majestatem
567 2678 704 2742 fideliter
726 2678 954 2755 honorandam,
968 2691 999 2741 et
1016 2678 1260 2742 misericordioe'
1252 2701 1301 2742 rn-

350 2780 524 2845 deficientis
538 2779 687 2865 abyssum
705 2779 828 2866 jugiter
842 2776 1104 2864 amplectendam.
1151 2781 1302 2867 Denique

349 2881 436 2967 apud
452 2880 658 2967 philosophos
668 2896 796 2945 cautum
812 2892 871 2956 est,
884 2878 961 2943 talia
975 2902 1102 2945 manere
1117 2880 1300 2967 praedicata,

350 2983 459 3070 qualia
488 2981 631 3067 subjecta
666 2981 878 3068 permiserint,
908 2981 1117 3067 omniumque
1146 2984 1299 3068 praedica·

350 3083 536 3147 mentalium
560 3085 637 3159 vim,
662 3094 694 3146 et
716 3081 943 3167 proprietatem
968 3081 1161 3146 naturalium
1184 3083 1302 3149 finibus

350 3183 500 3248 limitari:
535 3183 744 3269 eandemque,
765 3204 866 3267 quum
896 3180 937 3244 ad
964 3181 1090 3247 culmen
1114 3183 1302 3268 Theologiae

351 3285 543 3365 ascenditur,
559 3288 651 3370 quasi
666 3284 774 3349 nativo
788 3282 894 3347 colore
915 3282 1113 3360 destitutam,
1129 3299 1163 3349 et
1177 3285 1301 3362 robore,

351 3386 487 3450 alterari.
532 3385 631 3450 Plane
656 3384 813 3451 deficit
785 3407 833 3449 vis
854 3385 1036 3464 verborum,
1061 3396 1093 3447 et
1122 3384 1302 3451 intellectus

352 3487 419 3571 ipse
434 3486 576 3551 mortalis
588 3487 777 3562 succumbit,
789 3486 845 3551 ubi
862 3485 980 3550 divinae
990 3486 1304 3578 discutiturimmen·

352 3592 428 3653 sitas
450 3588 634 3673 majestatis,
650 3602 682 3652 et
697 3588 729 3651 in
716 3589 944 3687 naturalibus
967 3564 1101 3681 obtinet,
1093 3568 1167 3654 his
1174 3572 1302 3681 scilicet

352 3712 427 3778 quae
449 3710 556 3752 rerum
578 3711 746 3753 numerum
764 3673 888 3775 ὲιιξειιῑ
884 3672 966 3752 vel
970 3670 1137 3768 minuunt,
1155 3703 1192 3753 ut
1216 3672 1303 3776 qdod

352 3785 415 3856 luit
432 3812 494 3854 uon
510 3789 607 3875 possit
624 3790 818 3865 nonluisse3
842 3804 977 3855 autnon
1000 3790 1200 3875 praeteriisse,
1217 3790 1304 3876 quod

351 3892 518 3980 praeteriit,
534 3891 612 3955 dum
636 3904 740 3955 tamen
764 3891 851 3977 quod
869 3913 977 3955 verum
1000 3891 1074 3967 fuit,
1094 3913 1198 3955 secum
1221 3892 1305 3957 forte

352 3999 523 4069 lecturum,
539 3991 745 4057 nibilominus
759 4013 872 4055 verum
888 4014 952 4055 non
964 3990 1061 4055 fuisse
1075 3990 1185 4077 possit.
1210 3993 1305 4069 Quod

354 4097 464 4181 itaque
478 4098 677 4181 praeteritum
700 4107 760 4169 est,
777 4094 918 4157 revocari
938 4115 1000 4156 non
1021 4104 1126 4179 potest
1141 4115 1180 4155 ne
1193 4094 1305 4170 luerit,

355 4211 386 4260 et
402 4221 493 4282 aeque
507 4197 596 4283 quod
611 4220 651 4261 ex
666 4196 788 4261 insidiis
803 4195 942 4261 fortunae
962 4194 1090 4282 pendet,
1106 4193 1183 4258 dum
1202 4209 1305 4258 tamen

355 4318 396 4360 ex
410 4296 562 4360 facilitate
584 4308 707 4360 naturae
730 4294 914 4360 utriuslibet
935 4295 1030 4359 sortis
1052 4307 1200 4378 expectat
1213 4316 1307 4356 even·

355 4395 533 4475 tum,nulla
547 4395 709 4459 eveniendi
726 4395 785 4458 sibi
802 4398 970 4459 necessitas
981 4392 1117 4476 subjicit.
1156 4394 1209 4459 Sic
1223 4391 1306 4455 forte

1325 1993 1373 2432 ll
