3575 5575
494 799 557 856 240
764 811 900 856 Joaums
916 811 1195 856 sanusnamausrs
1301 795 1382 874 [mn.
1400 817 1444 863 iv.

492 963 594 1048 cipem
610 961 807 1035 excolebant,
828 961 946 1026 scilicet
965 961 1171 1045 Sapientiam,
1187 963 1258 1026 ideo
1273 963 1359 1048 quod
1377 965 1447 1050 ipsa

492 1065 640 1128 omnibus
651 1077 775 1150 praeest.
793 1064 889 1128 Unde
901 1079 931 1128 et
947 1065 1134 1150 Philosophi
1146 1078 1267 1129 veteres
1276 1069 1446 1150 imaginem

494 1165 667 1250 Sapientiae
688 1187 747 1246 pro
773 1163 896 1227 foribus
917 1163 1055 1228 omnium
1080 1163 1271 1248 templorum
1294 1166 1393 1252 pingi,
1414 1181 1446 1231 ct

493 1266 561 1330 haec
577 1265 675 1329 verba
690 1263 784 1329 scribi
800 1264 915 1329 debere
930 1276 1141 1329 censuerunt:

599 1383 671 1434 Usus
682 1399 724 1433 me
736 1382 836 1448 genuit,
848 1381 950 1452 peperit
964 1380 1109 1432 Memoria:

597 1467 721 1538 Sopbiam
733 1483 775 1518 me
785 1473 878 1518 vocant
890 1466 975 1528 Graii,
987 1482 1033 1518 vos
1045 1466 1218 1536 Sapientiam.

492 1570 537 1631 Et
564 1568 632 1632 haec
657 1568 754 1632 itemt
779 1567 853 1650 Ego
876 1565 931 1629 odi
957 1565 1100 1629 homines
1124 1566 1253 1643 stultos,
1277 1580 1308 1631 et
1328 1571 1445 1653 ignava

490 1692 598 1756 opera,
620 1684 652 1735 et
680 1669 916 1756 philosophicas
938 1668 1118 1733 sententias.
1165 1671 1210 1733 Et
1233 1669 1365 1755 quidem
1382 1671 1444 1734 ele-

490 1786 603 1858 ganter
619 1771 664 1835 illi
683 1772 743 1835 ista
759 1772 934 1848 linxerunt,
956 1769 1029 1834 licet
1047 1771 1211 1835 veritatem
1233 1775 1331 1855 ipsam
1352 1773 1444 1857 plene

491 1895 554 1936 non
571 1871 734 1936 noverint:
760 1870 884 1933 adeam
906 1886 1010 1934 tamen
1027 1870 1228 1956 aliquatenus
1249 1873 1444 1950 accedentes,

492 1974 569 2037 dum
586 1974 771 2059 sapientiam
796 1973 950 2050 omnium,
968 1997 1040 2059 quae
1064 1989 1148 2038 recte
1169 1974 1262 2051 liunt,
1284 1975 1398 2038 ducem
1414 1991 1445 2040 et

491 2075 1448 2163 principemarbitrantnr,quumetipsaveraciterglorietur,

491 2178 577 2263 quod
596 2182 629 2243 in
645 2178 730 2241 omni
752 2189 847 2262 gente
869 2189 902 2239 et
917 2177 1039 2262 populo
1059 2179 1250 2264 aprincipio
1270 2180 1443 2266 primatum

492 2279 607 2358 tenuit,
621 2278 832 2366 superborum
843 2290 874 2340 et
891 2277 1075 2342 sublimium
1089 2278 1169 2342 colla
1179 2278 1310 2364 propria
1326 2281 1444 2344 virtute

491 2381 623 2445 calcans.
671 2381 816 2446 Salomon
835 2402 966 2465 quoque
983 2403 1016 2444 se
1034 2403 1102 2445 ean]
1126 2404 1222 2466 snper·
1248 2381 1393 2462 salutem,
1412 2401 1445 2446 et

490 2482 598 2545 omnia
612 2481 746 2566 pulchra
766 2481 916 2544 dilexisse
938 2480 1070 2555 fatetur,
1086 2494 1117 2545 et
1138 2481 1297 2567 adipsum
1319 2505 1447 2546 cumea

490 2582 597 2645 omnia
612 2582 695 2645 boua
710 2581 883 2646 accessisse.

495 2844 574 2928 Cap.
591 2852 619 2907 7.
646 2844 736 2915 Quod
757 2844 898 2907 timorem
924 2845 985 2907 Dei
1007 2842 1110 2905 doceri
1132 2843 1229 2921 debet,
1260 2852 1290 2907 et
1312 2846 1445 2909 humilia

535 2964 611 3017 acac,
641 2954 672 3007 et
698 2950 742 3008 sit
762 2966 890 3010 aercare
915 2945 1141 3017 humilitatem,
1165 2946 1250 3026 quod
1270 2950 1446 3011 auctoritas

532 3046 662 3129 pellica
678 3069 743 3111 non
765 3053 958 3111 minuatur:
981 3056 1010 3109 et
1025 3050 1109 3128 quod
1125 3058 1362 3129 praceptorum
1379 3051 1446 3113 alia

535 3150 677 3226 meddin,
694 3153 763 3214 clia
777 3152 961 3213 immobilia.

537 3322 712 3391 Saourrua
728 3334 764 3384 ut
779 3320 880 3385 discat
898 3321 1007 3384 timere
1025 3323 1198 3385 Dominum
1218 3323 1322 3383 Deum
1338 3342 1445 3399 suum,

492 3434 524 3485 et
539 3421 700 3484 custodire
723 3421 819 3485 verba
841 3423 911 3508 ejus
934 3446 1008 3507 quae
1031 3422 1061 3485 in
1085 3421 1155 3506 lege
1177 3434 1338 3506 praecepta
1358 3437 1445 3486 sunt.

493 3524 631 3587 Causam
654 3522 806 3607 legitimas
829 3524 1070 3600 observationis,
1094 3522 1145 3587 lex
1169 3523 1237 3609 ipsa
1259 3522 1444 3608 subjungit:

492 3638 529 3691 ut
543 3624 655 3705 discat,
670 3624 783 3711 inquit.
829 3626 976 3711 Diligens
998 3648 1138 3711 namque
1158 3625 1268 3702 lector,
1289 3626 1368 3711 legia
1383 3626 1446 3689 dis-

490 3727 618 3813 cipulus
632 3738 691 3807 est,
711 3750 773 3790 non
790 3729 958 3812 magister:
983 3749 1040 3790 nec
1055 3729 1095 3790 ad
1120 3750 1246 3790 sensum
1264 3750 1356 3791 suum
1372 3749 1446 3811 cap-

491 3830 622 3894 tivatam
646 3843 810 3915 retorquet
826 3830 939 3916 legem,
956 3829 1010 3892 sed
1027 3831 1126 3893 menti
1142 3832 1210 3914 ejus
1225 3842 1257 3891 et
1271 3826 1446 3908 integritati

491 3953 600 3994 sensns
622 3955 697 3995 suos
719 3931 946 3996 accommodat.
993 3931 1055 3995 Sed
1078 3930 1254 4015 discipulus
1283 3928 1343 3993 iste
1364 3927 1444 4011 quid

491 4028 602 4093 discit?
635 4030 759 4115 Utique
771 4032 882 4095 timere
898 4031 1073 4095 Dominum
1087 4035 1190 4095 Deum
1204 4050 1309 4091 suum.
1346 4028 1446 4090 Recte

490 4130 631 4215 quidem,
640 4154 677 4193 eo
687 4132 775 4216 quod
788 4132 942 4217 sapientia
954 4133 1049 4220 parit,
1060 4144 1091 4195 et
1103 4131 1208 4192 firmat
1220 4128 1445 4215 principatum.

491 4232 597 4317 Atqui
628 4230 753 4295 initium
784 4232 947 4318 sapientiae
971 4238 1065 4298 timor
1088 4229 1230 4295 Domini.
1276 4229 1340 4306 Qui
1369 4254 1446 4315 ergo

490 4334 613 4399 timoris
624 4355 686 4397 non
709 4334 855 4399 initiatur
877 4337 993 4421 gradu,
1015 4336 1134 4400 frustra
1155 4333 1195 4397 ad
1212 4332 1345 4419 legitimi
1361 4335 1448 4419 prin-

489 4435 614 4521 cipatus
634 4434 761 4499 culmen
777 4435 907 4519 aspirat.
952 4437 1117 4520 Legitimi,
1134 4423 1286 4521 induam:
1311 4434 1386 4519 quia
1406 4432 1446 4495 de
