3575 5575
334 811 404 855 cir.
420 793 466 872 v.]
694 808 949 854 ronrcnnrrcns.
1231 793 1288 854 173

336 961 472 1024 bominis
487 960 543 1046 qui
559 959 591 1023 in
607 959 676 1044 ipso
690 973 748 1024 est.
793 960 891 1024 Unde
911 959 998 1044 apud
1016 959 1187 1043 Virgilium
1202 983 1286 1022 corn-

333 1082 391 1144 pos
413 1060 461 1125 sui
484 1076 602 1147 pastor,
617 1073 650 1124 et
673 1061 870 1146 sapientibus
891 1072 923 1124 et
946 1064 1067 1145 magnis
1090 1059 1164 1124 viris
1187 1059 1286 1123 nostri

334 1161 487 1247 temporis
500 1161 635 1238 doctior,
650 1162 706 1236 ait,

684 1279 732 1332 Me
744 1297 844 1348 quoque
857 1281 955 1345 dicunt,

439 1366 538 1419 Vatem
548 1370 677 1437 pastorem
696 1365 742 1417 sed
753 1383 806 1418 nou
819 1384 869 1433 ego
881 1366 1000 1420 credulus
1012 1361 1072 1420 illis.

439 1451 482 1503 Tu
494 1468 597 1519 quoque
609 1451 716 1522 praeviso
728 1452 751 1502 si
763 1450 847 1521 palles
858 1453 973 1522 improbe
985 1469 1099 1516 nummo,

344 1539 348 1546 '
441 1536 470 1588 Si
482 1536 555 1600 facis,
567 1538 595 1588 in
606 1554 699 1606 penem
711 1537 832 1605 quicquid
844 1537 892 1588 tibi
904 1539 977 1588 venit
989 1555 1114 1589 amorum.

337 1624 428 1711 Licet
454 1660 486 1710 te
512 1660 580 1712 tota
602 1646 716 1710 vicinia
738 1647 917 1711 modestum
944 1647 1041 1728 dicat,
1064 1671 1099 1711 ac
1122 1647 1290 1732 pudicum,

336 1751 466 1814 minime
483 1749 532 1812 vel
543 1747 728 1835 jurantibus
745 1749 864 1814 credas.
912 1749 1099 1814 Memoriter
1115 1763 1185 1814 tene
1200 1748 1289 1836 quod

337 1851 493 1937 parvulus
508 1850 657 1932 didicisti,

442 1970 508 2024 Plus
518 1970 578 2024 aliis
590 1970 623 2023 de
634 1976 671 2035 te,
683 1987 760 2039 qnam
773 1975 802 2022 tu
814 1970 863 2022 tibi
874 1970 988 2035 credere,
1001 1969 1062 2022 noli.

340 2075 412 2138 Non
426 2074 516 2139 facile
531 2073 679 2151 dixerim,
692 2086 764 2138 uter
776 2073 816 2138 sit
829 2076 915 2157 prior
930 2073 963 2136 in
976 2072 1065 2149 vitio,
1076 2073 1134 2158 qui
1149 2073 1290 2158 linguam

337 2175 577 2240 adulationibus
597 2175 724 2261 polluit,
739 2186 796 2240 aut
813 2175 906 2260 cujus
926 2199 980 2239 cor
1002 2199 1041 2238 ex
1057 2175 1101 2240 eis
1116 2199 1149 2239 se
1164 2177 1196 2239 in
1213 2175 1292 2240 laeti-
1368 2247 1371 2254 ¹

339 2277 414 2341 tiam
430 2276 569 2341 resolvit.
616 2278 656 2340 ln
671 2277 731 2341 hoc
752 2275 835 2343 enim
851 2275 995 2341 elationis
1009 2276 1154 2350 caecitas;
1177 2278 1211 2340 in
1225 2277 1292 2357 illo,

337 2378 426 2443 fraus
448 2378 628 2443 excaecandi
650 2379 832 2443 damnatur.
879 2377 1010 2463 Ubique
1025 2400 1101 2442 vero
1121 2378 1292 2443 damnatur

338 2478 444 2556 dolus,
460 2479 514 2543 sed
535 2493 566 2544 et
590 2479 727 2555 caecitas,
748 2501 820 2564 quae
842 2500 862 2540 a
880 2477 1030 2562 superbia
1052 2490 1111 2554 est,
1132 2500 1292 2565 nusquam

339 2582 526 2647 absolvitur.
572 2586 654 2648 Esto
668 2581 758 2668 quod
772 2579 921 2644 adulator
937 2580 977 2643 sit
993 2567 1138 2666 nequior,
1155 2580 1214 2644 iste
1229 2604 1291 2645 nou

339 2678 446 2746 minus
460 2682 685 2747 contemtibilis
705 2697 762 2745 est.
810 2682 878 2742 Nec
901 2694 1069 2764 caperetur
1090 2679 1209 2766 linguae
1225 2694 1292 2745 ten-

339 2785 455 2849 diculis
480 2784 602 2861 alienae,
626 2783 652 2848 si
679 2806 740 2846 non
764 2779 965 2846 blandiretur
994 2780 1061 2866 ipse
1092 2781 1160 2846 sibi.
1206 2781 1292 2859 Quid

339 2888 450 2972 itaque
461 2885 559 2950 alium
575 2885 679 2972 arguit
696 2882 900 2960 adulationis,
912 2883 967 2968 qui
980 2883 1107 2947 sibimet
1122 2883 1291 2949 adulatur?

343 2990 384 3053 In
413 3011 479 3075 quo
508 2988 589 3051 enim
627 2987 725 3051 alium
755 2999 896 3062 accusat,
927 2984 1062 3071 seipsum
1093 2985 1293 3052 condemnat.

341 3091 464 3155 Eadem
480 3089 563 3155 enim
578 3090 666 3167 facit,
677 3112 750 3175 quae
760 3088 897 3175 judicat.
929 3088 996 3166 Vae,
1007 3086 1109 3172 inquit
1123 3087 1292 3165 Dominus,

341 3194 396 3280 qui
420 3204 579 3257 consuunt
603 3190 754 3278 pulvillos
776 3190 836 3255 sub
861 3188 948 3254 omni
977 3189 1088 3253 cubito
1113 3210 1236 3266 manus,
1261 3203 1293 3255 et

340 3308 465 3382 ponunt
479 3293 644 3359 cervicalia
659 3294 721 3359 sub
735 3292 840 3379 capite
856 3291 1009 3356 unirersae
1025 3291 1137 3355 aetatis.
1171 3292 1295 3375 Utique

339 3396 490 3483 pulvillos
512 3409 682 3475 consuunt,
706 3394 762 3481 qui
782 3393 913 3459 auribus
935 3407 1049 3480 parant
1071 3392 1213 3468 insidias,
1237 3392 1293 3478 qui

341 3520 423 3561 vana
437 3511 469 3562 et
484 3498 592 3561 mollia
613 3509 799 3582 congerunt,
816 3496 935 3582 quibus
950 3518 1059 3561 sensus
1081 3494 1294 3573 demulceant,

341 3601 397 3687 qui
419 3622 515 3685 opera
536 3599 758 3663 commendant
776 3599 954 3675 bominum,
971 3611 1008 3662 ut
1031 3621 1084 3661 eos
1103 3597 1197 3661 farnae
1212 3620 1295 3684 prae-

342 3702 451 3777 cuniis,
467 3715 500 3765 et
515 3700 653 3787 quadam
670 3702 760 3765 suavi
776 3699 981 3786 jucunditate
996 3699 1126 3777 favoris,
1141 3698 1295 3763 inducant

343 3802 383 3866 ad
405 3801 555 3888 quietem.
601 3800 691 3863 Usus
710 3798 794 3862 enim
811 3798 987 3884 pulvinaris
1008 3812 1039 3862 et
1060 3798 1233 3876 cervicalis,
1248 3812 1295 3864 est

343 3903 495 3968 mollicies
523 3901 649 3989 quietis.
704 3898 859 3963 Pulvinar
883 3920 961 3981 ergo
989 3898 1048 3962 sub
1071 3899 1157 3962 omni
1187 3898 1296 3963 cubito

343 4028 456 4070 manus
470 4005 611 4091 ponitur,
625 4002 757 4089 quando
772 4023 834 4065 non
858 3998 953 4064 modo
968 4000 1120 4085 operatio,
1137 4001 1191 4065 sed
1207 4003 1296 4088 quic-

343 4108 421 4193 quid
437 4109 467 4171 ei
482 4107 606 4194 adjacet
621 4101 869 4170 commendatur.
903 4104 1010 4189 Caput
1026 4107 1178 4169 universae
1193 4104 1296 4171 aetatis

344 4209 491 4274 cervicali
514 4208 752 4295 superponitur,
773 4206 848 4271 dum
871 4205 944 4291 quis
963 4205 1164 4277 adulantium
1181 4208 1294 4283 verbis,

344 4310 378 4373 in
400 4310 499 4374 totius
522 4310 596 4375 vitae
617 4310 768 4395 operibus
789 4307 979 4373 delectatur.
1024 4309 1069 4373 Et
1092 4308 1184 4373 alibi:
1219 4310 1297 4393 Ipse

345 4411 522 4475 aedificabat
537 4412 703 4499 parietem,
718 4411 765 4474 illi
788 4423 894 4474 autem
912 4408 1063 4472 liniebant
1080 4431 1162 4473 euin.
1209 4409 1297 4472 Pari-
