3575 5575
486 811 526 867 52
742 822 879 867 Joaurus
897 819 1174 865 sanssouareusrs
1315 801 1399 875 [tra.
1417 818 1440 861 r.

802 972 920 1023 bissenos
930 968 1052 1022 laetantes
1062 984 1124 1021 aere
1134 984 1232 1037 cygnos

489 1073 636 1138 reducem
654 1073 782 1137 classem
801 1073 925 1149 AEueae,
943 1072 1073 1135 Veneris
1089 1070 1240 1134 vaticinio
1255 1069 1439 1134 nunciasse?

491 1176 612 1238 Eorum
637 1196 772 1258 namque
802 1172 945 1236 hilaritas
973 1194 1035 1234 non
1066 1169 1161 1234 modo
1186 1171 1305 1251 nautis,
1329 1170 1384 1235 sed
1408 1182 1440 1234 et

491 1276 672 1363 quibusque
696 1274 974 1360 peregrinantibus
998 1272 1138 1336 felicium
1164 1285 1338 1337 eventuum
1368 1295 1440 1357 gra·

491 1382 568 1443 tiam
585 1376 730 1462 spondet,
742 1376 802 1439 nisi
815 1374 955 1439 fortioris
967 1386 1135 1459 superetur
1146 1373 1296 1439 adventu.
1326 1372 1444 1458 Aquila

492 1502 629 1565 namque
644 1480 726 1543 sicut
750 1502 805 1541 rex
828 1477 935 1541 avium
957 1490 1016 1553 est,
1033 1480 1059 1541 si
1079 1499 1141 1540 non
1164 1476 1333 1540 alarionem
1357 1474 1442 1540 exci-

491 1582 571 1667 pias,
594 1603 668 1665 quae
691 1580 774 1643 forte
800 1579 982 1665 aquilarum
1003 1579 1123 1664 species
1145 1578 1363 1665 potentissima
1384 1589 1444 1656 eet,

490 1683 580 1769 regni
595 1683 644 1747 sui
661 1683 825 1769 majestate
837 1681 978 1745 omnium
991 1681 1110 1760 avium,
1121 1681 1148 1745 si
1160 1696 1270 1745 contra
1281 1681 1443 1767 loquatur,

491 1786 587 1850 fidem
617 1795 759 1850 evacuat.
815 1787 971 1849 Potuerat
1000 1783 1087 1869 apud
1120 1783 1258 1848 Statium
1287 1781 1443 1869 praesagio

491 1886 658 1950 volucrum
677 1888 861 1951 Graecorum
885 1884 1045 1949 exereitus
1066 1885 1248 1949 confortari.
1293 1884 1357 1951 Sed
1379 1885 1443 1947 for·

490 1988 554 2055 tior
579 2012 650 2052 ecce
675 1988 850 2051 adventans
872 2010 929 2073 per
954 1987 1048 2051 inane
1071 1988 1204 2051 cohors:
1244 1988 1442 2071 Amphiarao

491 2090 676 2176 interprete,
707 2092 893 2154 Graecorum
933 2111 1062 2173 quoque
1098 2089 1243 2163 exitium,
1280 2088 1441 2175 patefecit.

494 2191 586 2257 Licet
612 2192 694 2256 enim
721 2191 828 2276 aquila
850 2188 1050 2276 quarundam
1074 2190 1180 2254 avium
1205 2190 1327 2254 viribus
1352 2212 1444 2276 supe-

493 2308 594 2370 retur,
624 2294 657 2357 in
688 2292 957 2379 praenunciatione
988 2290 1053 2356 veri
1079 2292 1167 2356 nulla
1197 2291 1358 2378 potentior
1385 2303 1442 2355 est.

495 2394 628 2461 Cunctis
657 2395 813 2480 siquidem
842 2395 956 2458 avibus
985 2394 1190 2458 excellentius
1219 2395 1316 2469 volat,
1342 2405 1374 2458 et
1403 2393 1444 2457 ab

493 2496 593 2583 ipsius
610 2497 703 2562 Jovis
726 2519 839 2562 arcano
853 2519 1017 2582 nunquam
1034 2496 1227 2561 excluditur.
1273 2487 1444 2581 Quumque

493 2612 583 2664 tanto
613 2598 699 2663 visus
727 2598 871 2663 acumine
898 2598 1004 2684 vigere
1027 2598 1164 2673 dicatur,
1192 2611 1228 2663 ut
1254 2598 1295 2662 ab
1326 2598 1443 2663 aethere

493 2724 617 2767 summo
638 2700 805 2785 pisciculos
828 2700 859 2764 in
882 2700 986 2765 fundo
1008 2701 1104 2764 maris
1129 2711 1330 2776 contueatur,
1354 2710 1386 2763 et
1411 2698 1444 2762 in

491 2805 597 2890 ipsum
620 2807 728 2878 solem,
745 2803 832 2890 quod
856 2803 936 2868 nulli
958 2801 1167 2867 animantium
1188 2801 1272 2881 licet,
1286 2800 1363 2886 figat
1385 2800 1443 2864 ob-

493 2916 613 2979 tutum,
637 2925 786 2967 sensuum
809 2905 940 2988 quidem
964 2905 1140 2970 subtilitate
1162 2905 1202 2969 de
1225 2902 1319 2966 Jovis
1340 2901 1444 2988 gratia

494 3003 716 3068 conscientiam
737 3005 882 3068 veritatis
900 3027 1072 3090 rerumque
1093 3006 1245 3090 mysteria
1265 3017 1443 3069 mutuatur.

496 3105 576 3183 Quis
598 3105 679 3169 enim
703 3105 817 3169 falsum
839 3105 1044 3191 interpretem
1068 3107 1165 3184 dicat,
1186 3130 1282 3193 quem
1304 3107 1447 3171 consilio-

494 3232 568 3273 rum
591 3208 683 3273 Jovis
705 3208 794 3273 novit
816 3232 882 3274 esse
905 3209 1116 3296 participem?
1160 3210 1273 3274 Locris
1294 3209 1447 3274 adversus

497 3311 720 3375 Crotonienses
743 3310 982 3387 dimicantibus,
1005 3311 1112 3396 aquila
1138 3311 1215 3375 dum
1242 3311 1448 3397 pugnabatur

494 3412 699 3498 supervolans
715 3413 878 3477 victoriam
896 3413 1015 3477 dicitur
1029 3415 1212 3490 contulisse,
1229 3435 1329 3498 quum
1351 3411 1445 3498 pauci

497 3537 627 3578 numero
642 3513 816 3577 deleverint
831 3515 982 3580 infinitos.
1013 3518 1085 3580 Hoc
1095 3515 1206 3581 'tamen
1224 3514 1367 3579 validiori
1384 3512 1447 3600 sig·

496 3639 539 3680 no
554 3615 705 3680 scribitur
728 3615 925 3693 roboratum,
941 3641 978 3680 eo
1000 3619 1087 3705 quod
1104 3619 1170 3683 duo
1187 3620 1323 3705 juvenes
1338 3639 1447 3702 proce·

496 3718 587 3782 rioris
603 3729 746 3792 staturae,
763 3717 966 3799 elegantioris
980 3720 1101 3800 formae,
1116 3721 1148 3784 in
1171 3719 1307 3785 candido
1321 3719 1446 3796 habitu,

497 3821 539 3884 ab
561 3834 699 3906 utroque
721 3819 819 3885 latere
843 3819 964 3885 Locros
989 3822 1229 3906 praecesserint3
1261 3818 1389 3892 scilicet,
1413 3830 1449 3881 ut

498 3933 566 3984 erat
581 3921 755 3985 communis
769 3920 888 4007 opinio,
900 3925 1016 3988 Castor
1030 3934 1062 3985 et
1078 3921 1205 3985 Pollux.
1244 3919 1361 3982 Omina
1375 3939 1451 3980 vero

499 4020 682 4106 hujusmodi
698 4044 797 4106 quum
814 4023 1019 4105 geminantur
1034 4021 1215 4107 potentiora
1228 4033 1314 4084 sunt.
1359 4023 1447 4083 Dum

500 4122 614 4197 Hiera,
637 4123 677 4187 de
700 4146 764 4208 quo
791 4146 899 4209 supra,
922 4122 1026 4209 prima
1052 4120 1258 4200 bellatura,
1280 4119 1388 4206 aquila
1409 4143 1448 4184 ex

498 4224 671 4309 improviso
706 4224 822 4288 resedit
859 4224 893 4288 in
932 4224 1046 4307 clypeo
1075 4222 1318 4308 progredientis,
1351 4244 1447 4285 manu

498 4338 681 4414 promptum
707 4348 878 4411 regemque
904 4326 1051 4388 futurum
1079 4322 1266 4407 significans.
1317 4325 1367 4387 Ea
1396 4324 1449 4388 die

499 4453 564 4517 qua
578 4441 671 4495 natus
691 4444 738 4494 est
756 4427 951 4508 Alexander,
972 4426 1045 4492 duae
1067 4427 1183 4513 aquilae
1203 4441 1271 4494 tota
1294 4427 1347 4494 die
1367 4449 1449 4512 prae-
