3575 5575
530 752 571 811 76
779 763 916 809 rosunrs
931 760 1210 809 sanasanamusrs
1344 740 1429 821 [ma.
1444 761 1482 805 11.

531 916 621 981 flevit
637 937 825 1003 supeream,
840 926 872 977 et
889 913 1022 978 velutin
1037 911 1170 975 auribus
1183 911 1255 995 ejus
1266 908 1483 995 proloquutus

529 1030 576 1082 est
589 1017 657 1081 haec
669 1018 784 1082 verba:
807 1016 841 1079 Si
853 1014 1061 1102 cognovisses,
1071 1013 1187 1098 inquit,
1196 1024 1228 1075 et
1243 1024 1291 1087 tu,
1304 1024 1335 1077 et
1351 1012 1482 1098 quidem

529 1119 561 1181 in
592 1118 651 1182 hac
680 1118 732 1182 die
757 1142 830 1205 quae
859 1118 901 1180 ad
927 1138 1036 1201 pacem
1063 1113 1121 1178 tibi
1152 1125 1237 1185 sunt,
1263 1136 1349 1178 nunc
1373 1129 1479 1180 autem

528 1219 713 1284 abscondita
728 1232 802 1285 sunt
817 1219 858 1283 ab
872 1217 973 1281 oculis
988 1217 1062 1291 tuis,
1074 1214 1150 1301 quia
1166 1216 1290 1281 venient
1305 1217 1373 1280 dies
1386 1216 1419 1279 in
1436 1229 1479 1293 te,

528 1332 559 1384 et
575 1320 819 1385 circumdabunt
835 1332 866 1384 te
882 1317 1000 1382 inimici
1016 1321 1065 1382 tui
1080 1316 1175 1393 vallo,
1187 1329 1219 1381 et
1234 1318 1478 1383 circumdabunt

529 1434 572 1498 te,
595 1434 626 1485 et
649 1420 905 1507 coangustabunt
931 1417 1137 1504 mundique,
1162 1418 1258 1483 etad
1281 1418 1382 1484 solum
1405 1442 1478 1506 pro-

528 1533 667 1584 sternent
684 1534 726 1599 te,
735 1536 766 1585 et
777 1520 859 1584 filios
871 1530 945 1584 tuos
956 1521 988 1584 iu
1001 1531 1042 1585 te.
1089 1520 1128 1582 In
1141 1519 1225 1585 hunc
1240 1519 1368 1585 nidum
1380 1543 1477 1606 quam

525 1624 662 1707 plurima
677 1623 795 1687 divinae
814 1620 1066 1687 comminationis
1080 1622 1222 1686 tonitrua
1245 1622 1370 1708 publice
1385 1621 1477 1689 indu·

525 1725 602 1789 ratis
616 1723 745 1789 auribus
762 1723 964 1799 resonabant,
980 1745 1145 1808 quousque
1164 1725 1295 1810 sangnis
1304 1724 1476 1811 justorum,

525 1826 580 1889 sed
595 1838 627 1890 et
650 1826 750 1911 ipsius
767 1826 850 1911 justi
873 1823 1041 1908 singularis
1055 1836 1087 1888 et
1110 1824 1206 1901 unici,
1229 1828 1286 1911 qui
1307 1826 1349 1889 ab
1370 1825 1476 1910 impiis

525 1927 633 2012 inique
663 1926 779 1992 effusus
816 1938 873 2000 est,
905 1927 996 2012 justo
1024 1925 1086 1990 Dei
1115 1926 1241 2011 judicio
1268 1939 1473 2013 quareretur.

525 2027 640 2092 Attriti
651 2040 724 2091 sunt
739 2051 815 2113 ergo
833 2026 948 2115 plagis,
961 2026 1055 2093 bellis
1071 2032 1173 2104 strati,
1188 2041 1220 2094 et
1235 2052 1255 2093 a
1269 2029 1380 2117 patriis
1394 2029 1475 2093 sedi-

523 2128 583 2193 bus
609 2126 724 2193 divinae
745 2128 974 2214 indignationis
998 2128 1094 2192 excisi
1119 2128 1258 2210 turbine,
1279 2142 1316 2194 ut
1339 2131 1372 2193 in
1395 2130 1474 2193 urbe

523 2228 759 2315 gloriosissima,
789 2252 847 2294 nec
876 2229 957 2317 lapis
986 2252 1081 2316 super
1111 2229 1248 2316 lapidem
1278 2243 1471 2296 remaneret:

522 2329 645 2415 fuitque
674 2331 782 2418 populi
812 2330 964 2408 indurati,
993 2343 1025 2395 et
1055 2333 1170 2417 quovis
1203 2332 1309 2418 lapide
1337 2330 1473 2396 durioris

524 2433 689 2498 tribulatio
712 2445 812 2511 tanta,
828 2443 947 2520 quanta
966 2455 1029 2497 non
1051 2433 1115 2498 fuit
1131 2456 1172 2497 ex
1194 2457 1261 2521 quo
1273 2448 1384 2521 gentes
1405 2457 1471 2499 esse

522 2547 698 2620 coeperunt,
714 2535 869 2627 usquead
885 2533 969 2598 diem
985 2534 1077 2607 hancq

519 2839 599 2922 Cap.
616 2843 645 2902 8.
669 2841 721 2902 De
732 2837 992 2919 peregrinatione
996 2835 1161 2921 fidelium,
1175 2860 1254 2921 quos
1267 2841 1327 2904 sub
1341 2862 1379 2906 cu
1393 2848 1469 2906 tero·

646 2946 768 3020 portate
781 2941 921 3002 servavit
936 2939 1089 3002 Christus
1102 2942 1191 3022 apud
1205 2945 1340 3010 Pellam.

561 3099 730 3162 Eccoasrs
741 3118 815 3161 vero
824 3120 898 3184 quae
910 3098 1013 3164 suerat
1025 3099 1256 3187 Hierosolymis
1267 3119 1468 3191 congregata,

519 3199 673 3264 divinitus
688 3199 819 3264 transire
837 3202 928 3287 jussa
943 3215 990 3266 est
1006 3214 1093 3267 trans
1112 3205 1298 3286 Jordanem‚
1312 3208 1353 3271 ad
1375 3212 1467 3297 oppi-

517 3301 594 3365 dum
620 3300 781 3386 quoddam
804 3305 931 3366 nomine
953 3303 1085 3378 Pellam,
1109 3329 1174 3392 quo
1195 3307 1309 3371 ablatis
1330 3333 1369 3373 ex
1388 3314 1467 3378 urbe

516 3402 693 3466 cultoribus
709 3402 781 3482 Dei,
796 3403 931 3468 coelestis
950 3405 1102 3470 vindictae
1123 3407 1212 3474 fieret
1227 3409 1327 3487 locus,
1345 3435 1417 3498 quae
1433 3415 1465 3478 in

516 3505 626 3569 urbem
642 3518 833 3592 gentemque
845 3506 1026 3593 sacrilegam
1042 3508 1147 3572 fuerat
1162 3512 1347 3576 exercenda.
1371 3516 1464 3590 Quod

515 3617 546 3668 et
576 3605 739 3670 Eusebius
773 3607 974 3672 Caesariensis
1009 3608 1040 3672 in
1077 3609 1298 3678 'Ecclesiastico
1332 3616 1464 3682 historia

412 3793 416 3798 Ι
513 3704 636 3790 plenius
650 3707 791 3794 exponit.

513 4025 592 4109 Cap.
607 4030 636 4088 9.
659 4028 887 4091 Testimonium
903 4032 989 4112 quod
998 4033 1141 4114 perhibet
1154 4035 1314 4117 Josepoos
1327 4035 1461 4103 Christo.

555 4161 608 4222 ΕΤ
628 4158 756 4243 quidem
780 4161 848 4227 haec
869 4164 975 4228 omnia
996 4166 1168 4230 rectissime
1189 4169 1273 4253 passi
1296 4185 1382 4248 sunt,
1403 4174 1460 4257 qui

511 4260 543 4323 in
564 4258 664 4324 filium
689 4261 750 4326 Dei
772 4286 883 4329 manus
903 4267 1070 4354 sacrilegas
1092 4269 1262 4335 extendere
1281 4294 1459 4360 praesump-

511 4375 630 4445 serunt,
640 4387 738 4448 quum
750 4366 935 4432 testimoniis
945 4370 1186 4456 scripturarum,
1196 4386 1228 4439 et
1239 4377 1357 4442 virtute
1367 4376 1461 4440 mira·
