3575 5575
346 773 415 817 css.
432 755 492 834 v1.]
693 775 945 824 rosrcssmons.
1231 773 1294 832 288

346 934 378 985 et
394 921 498 987 virum
512 943 640 1007 gravem
662 925 753 992 decet
767 929 899 994 consilia
920 929 1073 1006 meditari,
1090 945 1125 997 ut
1142 933 1295 1020 quicquid

345 1023 423 1108 agit,
446 1023 601 1110 quicquid
623 1025 777 1110 loquitur,
793 1029 834 1094 sit
849 1054 910 1117 pro
928 1031 1059 1096 oonsilio
1078 1033 1199 1098 homiui
1214 1035 1296 1120 sapi-

343 1124 460 1190 entiam
490 1125 661 1194 affectanti.
716 1130 777 1194 Est
805 1143 914 1196 autem
944 1131 1008 1198 oris
1036 1133 1212 1200 circumcisi
1241 1136 1298 1204 illa

342 1226 495 1312 proferre,
518 1227 637 1312 quibus
658 1228 738 1292 nihil
760 1229 853 1294 liceat
875 1229 961 1296 demi
983 1231 1035 1296 vel
1055 1233 1182 1320 apponi.
1233 1236 1295 1302 Est

342 1339 450 1392 autem
472 1327 542 1390 viro
565 1327 652 1409 gravi
675 1328 907 1414 turpissimum,
931 1329 957 1394 si
973 1331 1098 1416 jugiter
1120 1356 1153 1398 se
1174 1334 1294 1400 fabulis

342 1441 375 1492 et
393 1428 488 1513 nugis
508 1428 693 1508 immisceat,
708 1442 740 1494 et
755 1429 837 1494 inter
851 1434 1088 1514 congarrientes
1103 1447 1294 1522 perstrepat,

342 1529 443 1594 veluti
470 1530 602 1594 rabulus
622 1551 714 1594 anser
734 1531 898 1596 admixtus
927 1532 1079 1614 oloribus,
1108 1547 1140 1600 et
1168 1560 1292 1602 omnem

341 1630 506 1696 materiam
527 1634 636 1697 credat
650 1643 758 1717 aptam
774 1655 841 1698 csse
856 1632 977 1719 litigiis.

444 1763 598 1831 Ambigitur
609 1764 672 1833 quid
683 1765 754 1817 enim
766 1764 862 1818 Castor
873 1766 948 1830 sciat,
960 1783 994 1818 an
1005 1765 1097 1820 docilis
1108 1766 1176 1839 plus,

447 1849 625 1904 Brundusium
637 1849 745 1904 Numici
757 1850 850 1904 melius
861 1852 903 1904 ria
916 1851 1002 1916 most,
1015 1869 1049 1906 an
1061 1854 1145 1925 Appi.

342 1987 502 2051 Praeterea
524 2007 597 2071 quae
626 1984 804 2061 abundant,
827 1988 876 2050 sui
906 1986 1093 2074 copiositate
1123 1987 1289 2066 vilescunt,

339 2100 457 2152 etcum
481 2085 684 2171 multiloquio
706 2097 871 2172 peccatum
893 2109 956 2150 uon
978 2087 1074 2166 desit,
1096 2111 1199 2174 pauca
1212 2113 1290 2176 pru·

339 2189 451 2253 denter
466 2187 626 2273 loquentis
641 2209 743 2250 sermo
757 2200 805 2250 est
821 2187 986 2273 pretiosus.
1032 2189 1130 2253 Unde
1146 2191 1291 2258 Socrates

338 2291 496 2376 quaerenti
507 2311 573 2375 quo
587 2287 683 2352 modo
694 2287 767 2373 quis
778 2288 894 2352 famam
912 2288 1065 2371 optimam
1075 2304 1288 2375 compararem

339 2390 372 2455 Si
386 2390 529 2475 gesserit,
545 2388 662 2472 inquit,
677 2387 810 2472 optima,
825 2400 858 2452 et
879 2386 1036 2474 loquutus
1056 2388 1155 2454 suerit
1176 2413 1289 2477 pauca.

338 2494 410 2556 Hoc
425 2488 576 2576 estquod
592 2488 640 2552 vir
650 2488 770 2576 justus,
786 2499 818 2552 et
840 2487 961 2552 veritus
976 2489 1160 2576 delinquere
1177 2490 1211 2557 in
1226 2515 1290 2558 ser·

336 2615 439 2666 mone,
458 2591 535 2654 dicit
559 2588 692 2654 stillasse
713 2587 877 2674 eloquium
900 2610 1002 2652 suum.
1049 2591 1111 2666 Qui
1126 2595 1209 2655 enim
1224 2615 1288 2658 non

336 2692 495 2778 delinquit
509 2691 542 2754 in
562 2690 670 2765 verbo,
686 2688 739 2753 hic
759 2689 920 2774 perfectus
934 2701 982 2754 est
1004 2690 1065 2754 vir.
1110 2690 1290 2777 Siquando

335 2794 480 2860 ridebam
493 2793 535 2859 ad
550 2814 614 2870 eos,
630 2814 694 2856 non
709 2791 890 2857 credebant.
936 2791 1035 2858 Risus
1055 2793 1193 2860 levitatis
1208 2796 1290 2861 iudi.

334 2900 430 2974 cium,
446 2908 478 2960 et
498 2918 564 2982 quo
578 2893 747 2982 patentior,
769 2916 807 2957 eo
827 2893 1055 2982 impudentior,
1070 2908 1103 2961 et
1122 2897 1289 2983 reprehen-

335 2998 457 3065 sibilior
471 3010 529 3064 est.
574 2996 629 3063 Ait
648 2996 750 3062 enim:
770 2997 897 3061 Stultus
911 2996 943 3061 in
960 2997 1025 3062 risu
1041 2998 1162 3063 exaltat
1178 3023 1287 3066 vocem

333 3123 422 3165 suam
435 3125 444 3165 ε
465 3112 497 3164 et
509 3101 654 3164 Salvator
661 3096 761 3179 flevit,
773 3098 954 3184 qui-utique
963 3100 1071 3163 risisse
1081 3121 1144 3163 non
1156 3098 1285 3185 legitur.

332 3202 402 3269 Nec
416 3205 500 3267 enim
509 3201 602 3267 facile
611 3199 799 3266 crediderim
810 3221 946 3287 pronum
958 3221 1026 3263 esse
1035 3199 1076 3263 ad
1088 3199 1287 3284 cachinnum,

332 3308 386 3393 qui
416 3305 476 3369 sub
506 3315 595 3369 tauta
616 3301 826 3389 ambiguitate
848 3299 889 3365 de
911 3300 977 3365 risu
1001 3300 1152 3387 loquitur,
1174 3314 1211 3368 ut
1226 3304 1286 3369 etsi

330 3406 435 3470 riserit
449 3429 511 3470 non
526 3406 682 3470 credatur.
728 3405 774 3468 Et
790 3403 848 3468 lux
863 3406 975 3468 vultus
995 3404 1058 3468 mei
1072 3427 1135 3469 nou
1151 3405 1284 3472 cadebat

330 3506 361 3569 in
380 3518 506 3570 terram.
551 3506 635 3571 Risit
656 3506 739 3571 forte
760 3504 810 3569 vir
820 3505 941 3591 justus,
957 3505 1012 3569 sed
1034 3528 1107 3570 eum
1123 3505 1156 3569 in
1176 3506 1283 3571 hilari·

330 3620 407 3687 tate,
422 3606 603 3692 temporalis
617 3606 737 3690 ineptia
757 3628 820 3670 non
842 3606 981 3684 resolvit,
1004 3618 1037 3670 et
1052 3606 1204 3692 quicquid
1221 3618 1283 3671 ter-

330 3733 442 3776 renum
465 3708 578 3773 eratin
601 3706 754 3787 moribus,
772 3707 899 3771 vultum
914 3707 1085 3771 verebatur
1106 3718 1281 3772 austerum.

330 3814 365 3879 Si
390 3810 559 3875 voluissem
584 3807 631 3870 ire
656 3806 697 3871 ad
724 3830 789 3886 eos,
815 3805 961 3870 sedebam
989 3807 1121 3894 primus.
1174 3807 1282 3873 Prima

328 3912 487 3999 siquidem
510 3908 662 3976 cathedra
691 3908 808 3993 dignus
834 3922 911 3985 erat,
934 3906 991 3993 qui
1016 3906 1095 3971 alios
1119 3918 1281 3975 tantarum

327 4019 485 4081 virtutum
515 4017 628 4079 itinere
657 4008 866 4099 praecedebat.
912 4011 1020 4087 Quum
1044 4009 1167 4075 sederet
1188 4012 1281 4092 quasi

328 4140 384 4180 rex
398 4116 628 4183 famulantibus
642 4114 724 4191 aliis,
747 4113 926 4199 lachrymas
941 4112 1142 4179 moerentium
1159 4112 1279 4178 abster-

327 4219 433 4303 gebat.
477 4219 625 4285 Jucunda
640 4215 795 4303 siquidem
812 4214 996 4291 conclusio;
1021 4236 1120 4301 quum
1137 4227 1281 4300 potestas

327 4318 455 4405 publica
486 4319 529 4383 sic
559 4318 665 4385 studet
694 4337 842 4401 praeesse,
874 4315 965 4382 utin
989 4315 1195 4381 universitate
1222 4338 1279 4380 sua
