3575 5575
317 779 503 859 car.xv11.]
665 800 920 847 ronrcaarrcus.
1207 789 1269 850 335

318 951 510 1036 adjungens,
526 973 619 1017 crura
639 953 710 1038 ejus
725 965 758 1018 ct
772 975 898 1032 manus,
913 975 1015 1039 prope
1024 955 1095 1038 jam
1110 965 1198 1020 metu
1213 977 1270 1019 ex-

318 1054 696 1138 animati,lingualeuiter
705 1057 867 1131 demulsit,
875 1078 976 1141 quum
986 1059 1082 1120 homo
1091 1058 1173 1121 inter
1183 1058 1272 1120 illata

319 1158 436 1221 atrocis
463 1159 538 1224 ferae
568 1159 799 1236 blandimenta,
825 1161 980 1223 amissum
1010 1160 1152 1224 animum
1180 1180 1271 1222 recu·

318 1282 428 1344 perere
443 1270 563 1343 posset,
577 1273 610 1325 et
624 1260 680 1323 rix
694 1261 845 1344 paulatim
861 1263 974 1325 oculos
989 1261 1030 1324 ad
1053 1260 1272 1324 contuendum

318 1363 444 1425 leonem
460 1363 589 1445 aperire.
627 1362 702 1426 Hoc
714 1384 749 1425 se
763 1363 871 1444 Apion
886 1364 920 1424 in
932 1362 1063 1426 urbanis
1079 1361 1273 1447 spectaculis

320 1463 434 1526 Romae
449 1463 567 1526 vidisse
581 1463 686 1541 refert,
701 1463 859 1548 adjiciens
883 1463 961 1547 quia
976 1475 1052 1528 tunc
1077 1464 1163 1528 facta
1181 1463 1274 1545 quasi

320 1563 539 1645 recognitione
560 1572 682 1641 mutua,
696 1565 800 1643 laetos,
813 1565 930 1650 inquit,
947 1565 1071 1629 videres
1091 1575 1124 1629 et
1138 1566 1272 1646 gratula-

321 1664 451 1728 bundos
466 1666 593 1728 leonem
603 1675 636 1728 et
650 1667 824 1730 hominem.
862 1668 908 1729 Et
919 1667 1003 1730 hanc
1019 1669 1060 1730 ob
1073 1688 1152 1740 rem,
1165 1675 1197 1728 et
1209 1666 1275 1729 cla·

322 1788 428 1831 mores
438 1768 550 1852 populi
563 1768 735 1846 maximos,
745 1768 920 1832 accersitus
936 1780 984 1832 est
994 1769 1092 1831 homo
1105 1790 1124 1831 a
1135 1767 1274 1845 Caesare,

323 1882 355 1934 et
370 1890 467 1952 quare
479 1869 527 1933 illi
538 1870 595 1932 uni
606 1870 826 1933 atrocissimus
837 1871 890 1933 leo
904 1870 1093 1953 pepercerit,
1106 1869 1276 1950 diligenter

323 1971 494 2055 quaesitum
511 1983 568 2034 est.
611 1973 671 2034 Ille
687 1972 798 2054 utique
814 1993 880 2034 rem
896 1970 1063 2035 mirificam
1077 1991 1207 2034 narrans
1223 1970 1276 2033 ait

325 2073 433 2144 Quum
447 2071 645 2155 provinciam
657 2073 795 2136 Africam
808 2075 1029 2156 proconsulari
1039 2073 1174 2156 imperio
1187 2093 1277 2135 meus

325 2174 474 2236 dominus
489 2174 656 2251 obtineret,
667 2195 728 2255 ego
743 2175 789 2237 ibi
804 2175 924 2258 iniquis
938 2176 1020 2259 ejus,
1034 2185 1067 2238 et
1082 2173 1278 2259 quotidianis

324 2276 516 2352 verberibus,
536 2275 578 2338 ad
601 2276 709 2358 sugam
733 2288 866 2340 coactus
888 2299 970 2356 sum,
990 2289 1023 2340 et
1045 2298 1109 2358 quo
1132 2274 1211 2337 mihi
1232 2276 1278 2338 la·

324 2379 423 2440 tebrae
444 2386 536 2440 terrae
557 2377 643 2440 illius
662 2378 767 2440 forent
785 2399 806 2440 a
826 2378 958 2440 domino
978 2377 1121 2451 tutiores,
1136 2375 1170 2438 in
1191 2395 1276 2438 cam-

325 2500 439 2562 porum
462 2492 495 2541 et
516 2499 681 2541 arenarum
705 2477 897 2540 solitudines
919 2477 1076 2542 concessi.
1121 2479 1166 2540 Et
1187 2476 1280 2561 quasi

326 2580 415 2645 aliud
430 2580 597 2655 defuisset,
613 2579 783 2644 consilium
798 2578 858 2642 fuit
871 2599 1067 2662 quocunque
1086 2577 1183 2640 modo
1199 2600 1279 2641 mor-

326 2695 392 2747 tem
415 2694 532 2767 petere.
569 2683 682 2755 Quum
698 2683 805 2765 itaque
826 2682 893 2744 sole
914 2679 1022 2744 medio
1043 2679 1154 2763 rapido
1176 2690 1209 2742 et
1223 2681 1279 2742 fla·

328 2785 442 2867 granti,
461 2782 619 2867 quandam
642 2804 702 2867 pro
722 2796 865 2865 tempore
888 2802 1017 2845 caveam
1040 2792 1152 2845 nactus
1175 2804 1278 2846 essem

327 2888 530 2963 latebrosam,
550 2886 583 2947 in
608 2906 678 2949 eam
704 2895 850 2969 penetro,
872 2904 988 2967 meque
1013 2882 1164 2948 recondo.
1208 2886 1280 2948 Nec

329 2988 430 3051 multo
446 2998 519 3070 post
536 2987 578 3049 ad
598 2986 737 3050 eundem
760 3006 892 3068 specum
915 2984 1000 3048 venit
1020 2984 1072 3047 hic
1089 2986 1154 3059 leo,
1169 2984 1280 3060 debili,

330 3100 363 3155 et
384 3101 528 3167 cruento,
549 3100 581 3153 et
603 3088 725 3152 crudeli
746 3088 841 3173 pede,
864 3088 1000 3171 gemitus
1021 3086 1121 3149 edens
1143 3097 1176 3150 et
1196 3108 1281 3151 mur·

330 3214 429 3267 mura,
456 3190 597 3254 dolorem
624 3192 863 3273 cruciatumque
892 3190 1032 3253 vulneris
1058 3189 1282 3271 ingemiscam,

330 3317 404 3358 cum
419 3294 602 3356 miserantia
615 3292 772 3356 auditoris
786 3292 814 3355 si
830 3292 903 3377 quis
918 3291 1052 3355 adesset.
1095 3294 1202 3376 Atque
1215 3293 1280 3355 illic

329 3398 433 3480 primo
456 3394 586 3479 quidem
609 3401 787 3478 conspectu
809 3393 1009 3459 advenientis
1030 3393 1134 3457 leonis
1157 3394 1282 3457 territus

332 3521 413 3577 sum,
436 3511 467 3560 et
489 3497 580 3580 quasi
600 3506 669 3560 toto
692 3496 800 3560 animo
824 3506 1058 3559 consternatus.
1103 3494 1170 3559 Sed
1194 3507 1282 3581 post-

332 3622 431 3684 quam
450 3600 662 3677 introgressus
681 3601 742 3672 leo,
763 3599 811 3661 uti
828 3620 878 3662 res
897 3600 970 3680 ipsa
994 3600 1153 3680 apparuit,
1172 3600 1206 3660 in
1227 3599 1283 3662 ha·

332 3701 510 3765 bitaculum
524 3697 605 3759 illud
621 3720 726 3777 suum,
739 3719 790 3761 me
808 3698 897 3760 videt
917 3698 1097 3779 ingressum
1112 3700 1236 3780 procul,
1251 3712 1284 3762 et

333 3804 586 3875 delitescentem,
609 3800 696 3862 mitis
719 3810 752 3863 et
773 3788 960 3863 mansuetus
985 3801 1131 3876 accessit,
1153 3809 1184 3863 et
1210 3802 1282 3863 sub-

332 3906 433 3967 latum
447 3898 563 3984 pedem
578 3899 747 3963 ostendere
761 3900 850 3977 mihi,
867 3909 900 3962 et
915 3900 1074 3981 porrigere
1089 3899 1160 3984 opis
1175 3900 1285 3983 gratia,

333 4004 421 4068 visus
444 4013 499 4065 est.
547 4000 612 4075 Ibi,
634 4000 750 4083 inquit,
772 4021 833 4081 ego
855 4001 999 4083 stipitem
1020 4002 1194 4083 ingentem,
1217 4024 1285 4067 res-

333 4104 412 4184 tigio
441 4102 534 4186 pedis
563 4100 632 4185 ejus
660 4101 846 4177 haerentem,
875 4100 1001 4176 revulsi,
1031 4113 1286 4186 conceptamque

336 4204 457 4267 saniem
483 4203 612 4265 vulnere
636 4201 751 4264 intimo
777 4200 931 4283 expressi,
954 4201 1197 4284 accuratiusque
1218 4201 1285 4286 jam

337 4304 406 4368 sine
435 4324 552 4383 magna
580 4301 749 4366 formidine
780 4303 900 4366 siccavi
929 4303 1068 4385 penitus,
1094 4323 1286 4385 omnemque

336 4406 453 4469 detersi
482 4426 635 4469 cruorem.
689 4406 748 4467 Ille
778 4416 854 4467 tunc
884 4425 955 4466 mea
981 4425 1078 4487 opera
1104 4416 1136 4466 et
1161 4403 1287 4467 medela
