3575 5575
344 841 414 887 car.
432 824 471 903 1.]
690 840 945 888 ronrcaarrcus.
1235 831 1295 888 261

630 1093 772 1157 LIBER
794 1094 1012 1166 QUINTUS.

731 1293 914 1338 PROLOGUS.

392 1417 471 1479 Non
486 1417 586 1482 solent
602 1417 643 1482 ad
660 1439 800 1502 unguem
823 1417 957 1500 grandia
975 1399 1041 1482 sine
1056 1441 1144 1482 mora
1157 1422 1299 1499 lustrari,

346 1540 405 1581 nec
427 1517 520 1581 facile
544 1531 592 1583 est
617 1519 854 1604 provinciarum
880 1518 1111 1602 longitudinem
1136 1533 1168 1585 et
1190 1521 1301 1610 latitu-

347 1619 454 1682 dinem
483 1623 517 1683 iu
546 1634 708 1685 momento
737 1634 963 1686 transcurrere.
1026 1621 1078 1684 Sic
1107 1644 1157 1684 res
1185 1645 1301 1707 magna

347 1724 506 1786 succincte
521 1722 652 1808 quidem
667 1745 686 1785 a
702 1721 843 1807 sapiente
857 1721 1020 1786 interdum
1037 1723 1237 1808 proponitur,
1246 1725 1301 1788 sed

267 1885 273 1894 ,
347 1846 512 1910 nunquam
534 1824 675 1909 perfecte
697 1824 757 1888 sub
779 1824 927 1907 angustia
950 1825 1104 1888 sermonis
1127 1825 1224 1888 nimia
1246 1849 1301 1890 ex·

348 1925 508 2012 planatur.
553 1925 641 2000 Quid
666 1939 772 1991 autem
796 1928 828 1989 in
851 1925 999 1989 humanis
1017 1926 1112 1990 rebus
1131 1929 1235 2012 majus
1254 1943 1302 1992 est

347 2028 541 2114 principatu,
566 2029 659 2114 cujus
685 2027 824 2092 officium
848 2027 1084 2112 quodammodo
1111 2029 1217 2093 omnia
1241 2030 1302 2094 cir·

347 2127 458 2207 cumit,
480 2127 602 2212 implet,
624 2140 655 2191 et
681 2139 841 2212 penetrat,
863 2141 896 2190 et
918 2130 1012 2212 quasi
1038 2127 1152 2192 robore
1174 2128 1302 2195 virtutis

345 2252 424 2306 suoe,
440 2228 539 2294 totius
558 2228 760 2314 Reipublicae
782 2229 898 2293 molem
920 2232 1054 2314 portat?
1093 2231 1176 2315 Ejus
1191 2231 1301 2317 itaque

344 2330 569 2416 contemplatio
596 2343 733 2395 tractum
759 2329 868 2410 habet,
889 2343 922 2395 et
946 2352 1068 2393 moram
1094 2331 1206 2416 exigit,
1230 2346 1301 2397 tum

345 2455 412 2518 prae
434 2432 656 2516 magnitudine
679 2435 740 2512 sui,
762 2444 832 2495 tum
855 2453 922 2516 prae
946 2444 1124 2512 venustate,
1146 2456 1244 2519 qnam
1266 2434 1298 2497 in

345 2533 449 2619 capite
458 2532 659 2619 Reipublicae
666 2533 850 2617 jucundum
862 2544 910 2596 est
921 2533 1071 2597 omnibus
1081 2534 1301 2620 contemplari.

346 2635 500 2699 Modesto
521 2657 598 2718 ergo
617 2634 787 2711 brevitate,
808 2634 841 2696 in
861 2632 1058 2719 inspiciendo
1079 2657 1211 2720 corpore
1232 2637 1302 2720 ejus

345 2738 565 2813 immoremur,
587 2747 619 2799 et
646 2734 725 2820 quid
753 2757 849 2821 super
874 2734 935 2799 hoc
960 2734 1154 2801 Plutarchus
1179 2751 1303 2803 censeat

345 2835 506 2901 audiatur.
560 2835 656 2910 Nam,
689 2832 830 2898 deducta
865 2833 1091 2920 superstitione
1121 2835 1303 2920 gentilium,

347 2937 450 3003 fidelis
475 2949 523 3001 est
547 2937 582 2999 iu
608 2935 782 3015 sententiis,
806 2936 839 3000 in
865 2937 971 3001 verbis
994 2936 1189 3015 luculentus,
1211 2952 1244 3003 et
1269 2939 1302 3002 in

347 3040 483 3105 sacrario
497 3059 622 3101 morum
639 3050 748 3101 tantus
767 3038 898 3118 arbiter,
913 3051 950 3103 ut
965 3037 1058 3102 facile
1073 3053 1301 3125 praeceptorem

347 3140 479 3226 Trajaui
503 3139 605 3224 possis
624 3161 804 3224 agnoscere.
851 3139 980 3226 Siquid
1003 3153 1111 3204 antem
1126 3140 1213 3225 apud
1228 3164 1302 3205 eum

345 3267 366 3308 a
387 3242 451 3307 fide
473 3240 630 3317 dissentit,
653 3258 711 3306 aut
732 3241 887 3322 moribus,
910 3242 1046 3327 tempori
1068 3241 1187 3326 potius,
1201 3265 1299 3328 quam

343 3344 413 3409 viro
428 3341 636 3407 adscribatur.
683 3341 717 3405 Si
732 3340 818 3406 enim
828 3340 966 3426 Virgilio
981 3341 1072 3405 licuit
1086 3363 1202 3406 aurum
1218 3343 1300 3429 sapi·

343 3448 439 3510 eutiae
458 3445 492 3507 in
506 3442 576 3508 luto
592 3443 690 3506 Ennii
706 3466 861 3529 quaerere,
874 3465 950 3529 quoe
964 3442 1084 3507 invidia
1098 3456 1146 3508 est
1161 3466 1209 3521 ea,
1225 3467 1300 3532 quae

342 3544 384 3607 ad
407 3542 621 3607 eruditionem
652 3560 792 3607 nostram
818 3567 838 3607 a
861 3542 1036 3625 gentilibus
1066 3544 1184 3629 scripta
1214 3559 1298 3619 sunt,

341 3643 458 3709 nostris
479 3642 735 3706 communicare?
774 3646 838 3708 His
864 3666 941 3727 ergo
963 3643 1085 3710 omissis
1111 3645 1152 3709 ad
1176 3643 1300 3735 reliqua

345 3742 562 3832 procedamus.

364 4040 444 4125 Cap.
463 4045 490 4103 1.
514 4037 663 4119 Epistola
678 4035 852 4098 Plutarchi
866 4035 1062 4099 instruentis
1081 4036 1276 4116 Trojaaum.

387 4202 511 4264 Exrar
531 4195 680 4283 Epistola
702 4194 880 4272 Plutarchi,
897 4197 1069 4281 'flajanum
1089 4196 1296 4278 instituentis,

344 4324 416 4386 quoe
438 4298 605 4384 cujusdam
627 4297 772 4361 Politicae
794 4297 1031 4362 constitutionis
1053 4299 1205 4383 exprimit
1226 4324 1295 4365 sen-

344 4424 424 4467 sum.
469 4404 519 4467 Ea
534 4401 652 4465 dicitur
675 4423 740 4464 esse
755 4399 1189 4484 hujusmodi-Plutarchus
1213 4404 1293 4467 'Pra-
