3575 5575
351 879 420 924 car.
437 861 518 940 xia]
694 873 946 919 rorrcnarrcus.
1236 857 1301 916 319

353 1016 426 1094 vcro
450 1031 662 1092 calumniatus
684 1049 729 1103 es,
750 1026 977 1091 condemnavit
996 1045 1089 1088 curn:
1116 1034 1149 1087 et
1166 1024 1244 1088 licet
1267 1022 1307 1088 de

351 1151 450 1215 poena
469 1131 610 1195 infamiae
631 1131 712 1193 nihil
733 1129 919 1213 subjecerit,
939 1137 1046 1190 tamen
1067 1136 1210 1210 potestas
1229 1125 1310 1206 legis

351 1231 500 1296 adsersus
530 1253 604 1296 eum
634 1229 846 1307 exercebitur,
882 1228 965 1292 adeo
1004 1239 1039 1291 ut
1073 1229 1223 1312 importet
1256 1227 1305 1288 in-

351 1334 492 1397 famiam.

491 1503 571 1586 Cap·
591 1503 641 1566 14.
664 1502 717 1565 De
732 1502 857 1563 ratione
872 1501 1170 1562 instrumentorum.

396 1639 446 1699 Ar
461 1637 495 1698 in
515 1637 587 1718 ipsa
604 1635 827 1718 disquisitione
847 1634 985 1708 consilii,
1014 1643 1078 1696 tam
1106 1635 1140 1696 in
1161 1633 1310 1698 civilibus

354 1759 449 1822 qnam
479 1737 698 1800 criminalibus
723 1737 840 1810 causis,
868 1735 910 1798 ad
937 1734 1170 1799 examinandas
1192 1737 1308 1818 proba·

352 1841 469 1919 tiones,
481 1841 762 1903 instrumentorum
776 1838 857 1901 ratio
872 1837 1021 1901 habenda
1032 1849 1089 1902 est.
1124 1837 1170 1900 Et
1179 1837 1307 1922 quidem

355 1943 566 2006 instrumenta
594 1940 745 2004 dicuntur
775 1940 896 2014 omnia,
923 1939 1040 2022 quibus
1071 1958 1168 2001 causa
1196 1938 1310 2001 instrui

351 2042 556 2125 potestative
580 2041 644 2103 sint
663 2040 855 2116 testimonia,
876 2038 942 2102 sire
963 2051 1079 2104 testes:
1107 2039 1178 2102 haec
1200 2048 1306 2102 tamen

352 2144 418 2206 illis
433 2143 556 2226 potiora
571 2153 656 2220 sunt,
668 2164 706 2205 eo
716 2141 804 2226 qnod
818 2152 915 2205 testes
929 2141 1121 2204 testimoniis
1135 2141 1305 2225 praeferan-

351 2255 410 2308 tur.
453 2246 538 2308 Nam
553 2266 653 2328 quum
669 2255 765 2308 testes
780 2243 957 2307 examinari
973 2244 1109 2325 possint,
1125 2243 1306 2307 testimonia

352 2367 488 2430 semper,
511 2356 544 2409 et
565 2347 653 2428 apud
675 2367 787 2409 omnes
810 2345 924 2408 eadem
947 2354 1030 2407 sunt.
1075 2345 1115 2405 In
1138 2343 1208 2425 ipsa
1230 2363 1305 2407 vero

352 2448 479 2512 testium
505 2446 756 2524 examinatione,
782 2467 847 2508 non
870 2455 977 2528 potest
1000 2465 1043 2507 ex
1066 2444 1175 2526 regula
1198 2443 1305 2527 aliqua

351 2547 492 2626 diffiniri,
504 2547 581 2631 quid
597 2547 699 2629 magis
709 2546 854 2632 jndicem
869 2546 960 2630 sequi
976 2553 1131 2628 oporteat.
1169 2545 1204 2608 Si
1219 2545 1304 2607 enim

351 2671 463 2714 omnes
478 2660 574 2712 testes
589 2648 733 2731 ejusdem
754 2647 931 2710 honestatis
947 2659 978 2710 et
994 2647 1215 2710 aestimationis
1231 2647 1305 2724 sint,

352 2762 384 2815 et
406 2751 526 2833 negotii
548 2750 697 2834 qualitas,
719 2771 757 2813 ac
778 2748 902 2832 judicis
928 2761 1033 2813 motus
1055 2769 1129 2813 curn
1152 2748 1203 2811 his
1226 2768 1302 2812 con·

352 2853 493 2927 currerit,
509 2852 673 2935 sequenda
692 2864 767 2914 sunt
788 2852 896 2914 omnia
915 2850 1106 2914 testimonia.
1152 2850 1209 2913 Sin
1231 2870 1306 2913 vero

353 2955 485 3039 quidam
509 2976 619 3018 eorum
642 2951 729 3017 aliud
752 2953 902 3031 dixerint,
919 2953 996 3016 licet
1017 2952 1051 3014 in
1074 2953 1144 3034 pari
1161 2972 1308 3030 numam,

352 3056 545 3120 credendum
568 3055 724 3140 estquod
746 3066 868 3120 naturae
890 3055 1012 3137 negotii
1035 3056 1198 3132 convenit,
1218 3053 1306 3139 quod

350 3158 529 3222 inimicitiae
545 3171 599 3222 aut
615 3158 724 3239 gratiae
737 3158 920 3241 suspicione
936 3167 1031 3234 caret,
1044 3156 1306 3240 confirmabitque

347 3260 451 3345 judex
466 3272 588 3323 motum
604 3258 701 3323 animi
718 3260 767 3323 sui
782 3281 825 3323 cx
840 3258 1037 3340 argumentis
1052 3267 1085 3321 et
1104 3257 1306 3336 testimoniis,

352 3385 424 3447 quar
439 3364 486 3425 rei
500 3364 633 3444 aptiora,
648 3373 681 3426 et
705 3384 776 3425 vero
797 3362 993 3445 proximiora
1013 3383 1083 3424 esse
1105 3359 1303 3443 compererit

352 3463 428 3525 Non
451 3464 538 3526 enim
560 3464 601 3527 ad
627 3463 864 3528 multitudinem
888 3463 1005 3546 respici
1028 3473 1162 3546 oportet,
1184 3461 1241 3525 sed
1263 3460 1304 3523 ad

352 3564 507 3626 sinceram
531 3563 659 3628 testium
682 3564 791 3644 fidem,
806 3578 838 3629 et
857 3565 1051 3643 testimonia,
1066 3565 1184 3647 quibus
1200 3562 1307 3647 potius

351 3664 410 3727 lux
424 3666 565 3727 veritatis
581 3666 708 3728 assistit.
754 3665 841 3748 Ipsis
856 3688 985 3749 quoque
1003 3663 1305 3749 praesumptionibus
1354 3648 1359 3660 ’

352 3766 608 3850 frequentissime
637 3767 746 3841 stabit,
776 3766 879 3830 donec
917 3769 1068 3850 probetur
1102 3763 1304 3830 contrarium.

351 3869 439 3931 Nam
451 3879 483 3931 et
491 3868 654 3945 Salomon,
665 3888 762 3950 quum
773 3868 807 3929 in
819 3869 922 3948 litigio
936 3868 1134 3931 meretricum
1150 3866 1303 3929 infantem

352 3970 454 4033 dividi
470 3969 689 4053 precepisset,
704 3982 736 4032 et
751 3970 848 4032 altera
870 3990 943 4033 eum
964 3970 1072 4032 mallet
1086 3970 1177 4033 alteri
1197 3968 1305 4032 rivum

350 4072 475 4146 cedere,
491 4074 563 4156 ipsa
577 4081 683 4135 tamen
697 4071 902 4149 reclamante,
918 4072 988 4134 Nec
1005 4071 1081 4133 mihi
1096 4092 1158 4135 uec
1173 4071 1233 4134 tibi
1249 4072 1302 4147 sit,

343 4173 409 4236 sed
424 4174 592 4249 dividatur,
607 4175 655 4237 illi
677 4174 784 4237 vivum
804 4174 957 4238 infantem
978 4173 1208 4238 restituendum
1227 4194 1304 4236 cen·

351 4274 426 4351 snit,
441 4296 511 4358 quar
530 4297 595 4338 non
618 4276 788 4359 acquievit,
809 4287 843 4339 ut
862 4278 953 4339 rivus
973 4288 1154 4338 moreretur.
1200 4276 1302 4355 Argu·

351 4386 459 4437 mento
489 4376 643 4458 siquidem
684 4376 844 4458 probabili
881 4376 1072 4452 trahebatur,
1101 4386 1135 4437 ut
1170 4382 1301 4436 matrem

355 4476 499 4541 crederet
519 4499 590 4561 quae
613 4478 789 4560 diligebat3
820 4500 919 4561 quum
939 4478 1124 4561 opinionem
1144 4474 1225 4559 ejus,
1246 4486 1300 4540 aut
