3575 5575
358 839 427 884 car.
444 822 534 901 v111.]
709 838 963 884 mtrcnrrrcus.
1249 823 1307 882 181

357 993 454 1055 Varia
468 993 571 1073 figura
584 1000 775 1074 temporum,
791 999 919 1054 actuum
940 990 1087 1074 quasdam
1102 989 1235 1052 varietas
1250 1000 1306 1051 est.

354 1093 453 1156 Porro
468 1093 594 1156 actibus
608 1113 752 1176 personae
767 1092 960 1169 deserviunt,
973 1091 1047 1154 dum
1065 1091 1098 1153 in
1114 1092 1161 1153 eis
1176 1090 1320 1153 fortunae·

350 1193 493 1276 jocantis
510 1193 607 1256 ludus
625 1193 783 1276 impletur.
822 1191 911 1262 Quid
931 1193 1015 1254 enim
1039 1192 1126 1255 aliud
1149 1201 1206 1268 est,
1223 1190 1311 1273 quod

356 1318 475 1360 novum
491 1297 676 1380 quemlibet,
686 1305 720 1358 et
729 1296 885 1375 ignotum,
899 1315 986 1357 nunc
999 1295 1195 1377 amplissimo
1208 1292 1313 1355 induit

355 1407 535 1480 potentatu,
558 1409 591 1459 et
611 1396 645 1458 in
669 1397 758 1478 regni
779 1396 943 1475 fastigium
973 1396 1074 1476 erigit,
1099 1416 1187 1458 nunc
1214 1393 1313 1458 alium

357 1510 567 1581 purpuratum
593 1508 763 1580 antequam
789 1507 899 1559 natum
931 1497 971 1558 de
997 1497 1087 1576 regni
1113 1497 1253 1559 culmine
1277 1495 1312 1558 in

360 1608 491 1661 catenas
519 1598 651 1661 hostiles
679 1598 817 1680 projicit,
846 1606 878 1658 et
908 1597 1051 1659 servituti
1080 1595 1256 1673 addictum,
1281 1596 1314 1656 in

361 1699 503 1761 miserias
515 1709 673 1762 extremas
687 1697 878 1782 praecipitat.
917 1698 980 1759 Aut
995 1696 1082 1779 quod
1093 1695 1242 1779 frequens
1257 1708 1315 1772 est,

363 1821 429 1861 non
452 1798 548 1861 modo
572 1809 789 1881 tyrannorum,
811 1797 868 1860 sed
892 1807 925 1860 et
946 1798 1127 1880 principum
1150 1796 1314 1877 sanguine,

362 1900 545 1963 infimorum
568 1900 744 1974 hominurn,
761 1911 815 1962 aut
837 1891 933 1961 etiam
954 1899 1062 1961 vilium
1084 1918 1254 1974 servorum,
1268 1898 1316 1960 in-

363 2002 462 2064 fames
477 2010 622 2064 cruentat
636 1997 782 2082 gladios?

470 2139 500 2190 si
510 2137 614 2211 fortune
624 2136 704 2200 volet,
716 2138 807 2207 inquil,
818 2136 866 2190 fiet
879 2139 912 2191 de
924 2138 1027 2190 rhetore
1041 2137 1152 2191 Consul:

469 2221 498 2274 Si
510 2221 581 2274 volet
590 2222 647 2275 haee
659 2223 759 2287 eedem,
770 2221 818 2274 fiet
829 2223 863 2275 de
876 2222 991 2276 Consule
1002 2223 1097 2276 rhetor.

366 2339 405 2400 In
421 2358 524 2420 eoque
546 2337 613 2400 vita
633 2337 800 2400 homiuum
823 2337 1003 2418 Tragoediae
1029 2358 1123 2421 quam
1142 2335 1317 2401 Oomoediae

367 2439 585 2501 videturesse
609 2437 754 2513 similior,
778 2438 864 2522 quod
890 2438 1034 2501 omnium
1060 2438 1124 2501 fere
1149 2438 1247 2500 tristis
1273 2446 1322 2501 est

368 2539 484 2618 exitus,
495 2540 572 2602 dum
584 2541 692 2602 omnia
703 2540 816 2602 mundi
827 2539 934 2603 dulcia
947 2550 1195 2622 quantacunque
1207 2539 1323 2602 fuerint

370 2651 581 2714 amarescunt,
598 2650 631 2702 et
641 2652 784 2703 extrema
800 2638 908 2721 gaudii
919 2642 1023 2701 luctus
1036 2648 1183 2721 occupat.
1215 2639 1324 2709 Quan-

371 2741 520 2808 tumlibet
537 2741 572 2803 in
592 2740 651 2802 viis
673 2742 739 2803 suis
760 2739 865 2823 iniqui
884 2741 1028 2816 floreant,
1048 2750 1081 2801 et
1102 2758 1324 2822 prosperorum

371 2862 529 2905 concursu
554 2842 749 2921 inaurentur,
771 2842 818 2904 eis
843 2840 885 2922 ad
911 2851 1024 2902 nutum
1051 2840 1176 2903 fortuna
1202 2840 1326 2917 serviat,

372 2944 533 3005 subvertet
547 2943 579 3004 in
596 2942 660 3005 fine
675 2964 800 3024 gressus
815 2962 936 3020 eorum,
948 2950 981 3003 et
996 2940 1126 3005 tandem
1137 2962 1243 3005 amara
1254 2942 1325 3016 erit,

373 3044 464 3128 quasi
491 3044 695 3107 absinthium.
741 3045 857 3120 Quare,
879 3045 985 3125 inquit
1005 3044 1117 3106 beatus
1138 3044 1214 3120 Joh,
1235 3043 1327 3127 impii

333 3128 336 3133 ¹
373 3143 493 3219 vivunt,
511 3141 669 3206 sublevati
689 3155 773 3216 sunt,
790 3142 1022 3226 confortatique
1039 3141 1177 3205 divitiis?
1210 3144 1327 3207 Semen

374 3265 485 3307 eorum
507 3255 670 3327 permanet
692 3265 798 3307 coram
822 3244 879 3322 eis,
894 3242 1147 3327 propinquorum
1169 3245 1274 3319 turha,
1295 3255 1328 3307 et

374 3354 527 3425 nepotum
549 3344 584 3405 in
608 3355 784 3427 conspectu
807 3365 927 3422 eorum,
944 3339 1058 3405 domus
1080 3364 1189 3407 eorum
1210 3365 1328 3408 securae

375 3456 450 3507 sunt
463 3453 496 3507 et
509 3454 641 3527 pacatae,
657 3455 689 3508 et
703 3467 769 3509 non
785 3458 834 3508 est
847 3447 936 3527 virga
952 3445 1015 3507 Dei
1031 3465 1126 3527 super
1140 3445 1222 3508 illos.
1261 3447 1328 3508 Bos

375 3566 485 3607 eorum
508 3547 660 3628 concepit
681 3556 714 3609 et
735 3568 802 3608 non
824 3546 991 3623 abortivit3
1021 3567 1118 3609 vacca
1139 3546 1274 3629 peperit,
1298 3558 1331 3609 et

376 3663 440 3705 non
456 3644 580 3725 privata
595 3654 644 3706 est
662 3644 742 3707 foetu
758 3668 826 3708 suo.
871 3645 1091 3727 Egrediuntur
1114 3647 1205 3729 quasi
1220 3667 1331 3726 greges

375 3743 501 3827 parvuli
526 3764 644 3821 eorum,
671 3755 704 3806 et
728 3745 866 3807 infantes
891 3765 1001 3807 eorum
1027 3747 1172 3807 exultant
1197 3746 1332 3809 lusibus.

377 3846 505 3907 Tenent
515 3855 703 3927 tympanum
714 3855 747 3907 et
762 3846 928 3920 citharam,
941 3857 972 3906 et
983 3844 1123 3925 gaudent
1134 3845 1177 3907 ad
1193 3846 1331 3909 sonitum

379 3946 499 4027 organi.
544 3946 677 4007 Ducunt
696 3944 841 4007 inbonis
862 3944 931 4008 dies
947 3964 1033 4022 suos,
1047 3956 1081 4007 et
1099 3946 1131 4007 iu
1146 3960 1267 4029 puncto
1290 3946 1333 4011 ad

377 4046 501 4109 inferna
516 4044 726 4108 descendunt.
773 4046 854 4117 Quis
868 4046 987 4109 laetitiae
1002 4047 1212 4129 praecedentis
1226 4049 1333 4111 exitus

380 4156 487 4227 potest
508 4167 577 4209 esse
599 4145 745 4224 amarior,
768 4155 823 4208 aut
845 4146 948 4209 felicis
971 4148 1030 4209 viae
1056 4147 1212 4210 infelicior
1234 4148 1331 4211 finis?

283 4269 287 4275 ·
383 4233 466 4307 Heec
492 4257 540 4308 est
563 4248 649 4309 enim
672 4248 721 4310 via
742 4248 880 4324 illorum,
903 4248 1015 4330 quiin
1037 4250 1147 4310 labore
1170 4249 1334 4311 hominurn

383 4365 450 4405 non
465 4356 550 4422 sunt,
563 4368 667 4430 neque
683 4334 758 4410 cum
772 4348 958 4411 hominihus
974 4349 1228 4427 flagellabuntur.
1264 4348 1336 4410 Uti-

384 4466 445 4527 que
462 4444 580 4528 dejecit
595 4469 649 4510 eos
674 4449 843 4512 consilium
860 4449 1003 4526 Domini,
1019 4448 1096 4509 dum
1119 4450 1326 4521 allevarentur·-
