3575 5575
655 217 973 448 aab

500 787 565 850 824
770 801 907 846 Joauurs
924 799 1203 848 scansauamrvsrs
1325 779 1408 860 [tm.
1424 800 1455 844 v.

503 954 646 1018 nondum
661 960 755 1018 natus
770 955 823 1029 sit,
839 956 932 1040 cujus
952 975 1074 1032 aarum,
1088 954 1138 1016 vel
1153 961 1318 1034 argentum
1333 953 1367 1015 in
1383 973 1455 1014 mu-

503 1078 566 1126 nus
587 1056 757 1140 acceperit.
802 1058 889 1130 Quid
913 1057 1043 1120 referam
1063 1054 1252 1129 Martinam,
1268 1053 1323 1138 qui
1343 1065 1455 1120 contra

500 1180 622 1227 morem
637 1180 657 1223 a
670 1160 832 1240 legatione
843 1158 970 1223 rediens
980 1179 1110 1240 pauper,
1122 1176 1223 1239 quum
1235 1158 1275 1220 ab
1287 1157 1455 1240 Episcopo

501 1257 687 1323 Florentino
709 1281 839 1344 equum,
861 1260 951 1322 socio
974 1259 1203 1335 necessarium,
1224 1279 1340 1340 magna
1366 1281 1454 1322 com-

500 1360 614 1441 pulsus
624 1361 789 1438 instantia,
797 1361 986 1444 accepisset,
998 1359 1135 1423 eundem
1147 1360 1285 1424 restituit
1297 1360 1454 1439 donatori,

502 1482 546 1524 ex
558 1483 623 1544 quo
635 1485 708 1528 eum
720 1465 761 1527 ab
773 1463 867 1527 initio
878 1462 945 1526 dati
956 1461 1108 1537 muneris,
1119 1482 1249 1524 causam
1261 1462 1294 1524 in
1306 1463 1455 1528 Romana

502 1565 646 1629 ecclesia
674 1565 890 1629 ventilandam
916 1564 1064 1630 habuisse
1093 1563 1249 1644 cognovit.
1298 1564 1395 1636 Quod
1422 1573 1455 1628 et

500 1665 631 1748 plenius
670 1667 705 1730 S.
744 1666 928 1730 Bernardus
969 1664 1215 1729 clarevallensis
1252 1666 1364 1740 abbas,
1397 1666 1454 1750 qui

500 1787 576 1830 cum
604 1769 776 1852 perfectius
804 1776 947 1842 noverat,
977 1765 1069 1829 refert
1097 1766 1131 1828 in
1160 1766 1244 1828 libro
1274 1765 1455 1846 doctrinali,

501 1889 598 1952 quem
612 1869 655 1932 ad
677 1870 711 1934 S.
730 1868 916 1950 Eugenium
931 1869 971 1932 de
993 1868 1264 1951 contemplatione
1279 1867 1331 1930 vel
1346 1869 1453 1931 consi-

500 1966 665 2032 deratione
697 1968 816 2032 scribit.
874 1968 984 2032 Taceo
1020 1967 1106 2051 quod
1141 1966 1334 2030 venerabilis
1362 1977 1454 2051 pater

500 2068 677 2132 Gaufridus
705 2069 923 2146 carnotensis,
948 2070 1072 2150 legatus
1101 2068 1296 2152 Aquitaniae,
1324 2070 1451 2152 provin-

498 2170 628 2236 cialium
642 2192 773 2234 munera
786 2192 853 2234 non
867 2167 999 2252 recepit,
1014 2171 1077 2234 nisi
1091 2173 1124 2234 in
1140 2191 1237 2235 causa
1251 2173 1405 2236 esculenti
1420 2183 1454 2236 et

498 2273 673 2356 poculenti,
688 2285 720 2336 et
733 2273 797 2336 hoc
820 2293 894 2336 cum
909 2293 1033 2336 summa
1047 2273 1250 2354 frugalitate3
1273 2273 1329 2336 sed
1344 2274 1453 2337 omnia

499 2374 629 2456 quaein
653 2374 821 2438 xeniorum
848 2373 971 2438 ratione
998 2375 1224 2452 offerebantur,
1249 2385 1285 2438 ut
1314 2383 1453 2438 stercora

501 2479 739 2540 contemnebat.
783 2475 936 2538 Testatur
951 2487 1079 2538 sanetus
1095 2476 1348 2552 clarevallensis,
1364 2476 1452 2560 quod

499 2578 633 2659 piscem,
650 2599 746 2661 quem
760 2573 857 2659 vulgo
879 2576 1052 2641 sturionem
1068 2575 1189 2654 dicunt,
1204 2599 1224 2640 a
1238 2577 1355 2640 devoto
1370 2598 1451 2660 quo-

497 2677 572 2742 dam
588 2679 757 2761 legationis
771 2701 837 2743 suae
857 2679 974 2742 elerico
989 2678 1085 2760 gratis
1100 2678 1244 2761 accipere
1259 2677 1371 2756 noluit,
1387 2699 1449 2742 nec

496 2792 571 2846 anto
595 2781 758 2866 acquievit
786 2781 947 2846 offerentis
973 2779 1179 2863 improbitati,
1205 2801 1301 2865 quam
1332 2779 1361 2843 ei
1389 2802 1449 2865 pro

496 2880 636 2947 admisso
652 2881 749 2945 xenio
763 2882 900 2965 pretium
916 2891 1105 2943 numeraret.

496 3079 576 3162 Cap.
597 3080 646 3143 16.
670 3077 722 3142 De
735 3080 871 3142 crimine
885 3079 1153 3161 repetundarum,
1169 3098 1230 3162 quo
1246 3084 1402 3140 terrentur
1414 3085 1447 3139 et

536 3182 702 3261 presides,
715 3180 895 3263 etjudr'cee,
909 3181 968 3261 qui
980 3179 1111 3263 aliquid
1132 3180 1261 3241 omnim
1278 3180 1446 3261 accipiant

534 3290 672 3365 propter
685 3300 816 3360 ederes,
830 3302 901 3363 quc
916 3282 978 3345 siti
991 3291 1069 3345 suot
1083 3302 1126 3344 ex
1141 3279 1244 3365 officio
1257 3282 1446 3363 faciende:

536 3391 568 3445 et
583 3383 624 3444 de
639 3384 801 3459 Samuele,
815 3386 874 3466 qcc'
888 3385 978 3446 docet
991 3384 1074 3467 jope
1094 3381 1291 3463 sacraficium
1311 3402 1378 3445 esse
1392 3384 1448 3446 de·

536 3483 665 3545 bareio
686 3484 776 3545 domo
787 3484 926 3566 judicic,
942 3507 1013 3568 quc
1034 3488 1174 3567 seipsam
1196 3484 1358 3547 oblatione
1372 3485 1447 3568 jars-

538 3587 632 3663 tr‘tice,
647 3593 680 3649 et
696 3584 850 3649 docorum
866 3606 997 3666 operam
1013 3586 1140 3650 ephibet
1157 3588 1310 3667 templum
1328 3586 1404 3649 Dei.

538 3712 608 3775 San
637 3711 913 3775 crebrescentibus
944 3712 1040 3790 vitiis,
1070 3712 1164 3776 etiam
1193 3712 1227 3775 in
1258 3712 1344 3774 clero
1373 3722 1448 3775 runt

491 3814 589 3879 hodie
619 3813 825 3877 continentiae
851 3823 949 3876 tantae
977 3814 1126 3894 exempla
1151 3812 1319 3885 rarissima,
1346 3833 1446 3895 quum

492 3930 600 3979 tamen
624 3914 664 3977 de
680 3936 813 3978 censura
830 3914 953 3995 legum,
972 3935 1096 3977 summa
1111 3913 1311 3977 continentia
1330 3913 1445 3993 magis-

492 4014 626 4076 tratibus
648 4014 796 4076 omnibus
818 4013 859 4075 sit
879 4012 1013 4077 indicta.
1058 4011 1151 4076 Adeo
1171 4011 1315 4095 quidem,
1330 4020 1367 4074 ut
1388 4013 1446 4094 qui

492 4110 683 4178 ordinariam
694 4112 828 4190 gesserit
836 4122 1037 4192 potestatem,
1051 4110 1206 4198 quicquid
1219 4133 1261 4175 ex
1271 4122 1377 4175 vetere
1387 4110 1443 4175 dc·

490 4212 660 4298 legationis
679 4212 771 4277 titulo
787 4213 1009 4295 profligaverit,
1025 4236 1098 4279 cum
1121 4215 1292 4296 dispendio
1312 4213 1446 4297 pudoris

492 4335 587 4402 atque
610 4316 754 4394 fortunae,
776 4314 811 4379 id
838 4325 897 4390 est,
921 4314 1051 4381 doneris
1077 4328 1173 4400 atque
1200 4314 1376 4398 dignitatis,
1403 4314 1445 4379 de

491 4420 627 4506 propriis
641 4418 846 4482 facultatibus
868 4417 952 4482 intra
973 4418 1170 4501 provinciam
1188 4418 1314 4501 positus
1328 4418 1444 4482 inferre
