3575 5575
446 282 1349 563 aaa

470 772 513 833 28
731 780 868 825 scaurus
885 776 1164 825 senescemuusrs
1304 757 1387 837 [urs.
1403 778 1428 822 ι,

471 959 515 1001 ex
544 936 658 1019 inopia
683 934 862 1012 reticentur,
888 932 951 997 nisi
979 954 1022 997 ex
1048 951 1088 994 ea
1112 932 1196 995 forte
1220 950 1315 1013 quam
1342 930 1427 1013 parit

471 1036 578 1122 copia,
600 1035 659 1101 sed
679 1056 719 1099 ne
742 1046 865 1098 mentes
885 1033 1064 1114 lugentium
1083 1031 1191 1095 adhuc
1213 1031 1426 1097 immoderato

473 1137 584 1201 dolore
613 1136 781 1213 sauciatas,
813 1135 989 1199 recentium
1019 1131 1220 1195 refricatione
1250 1132 1429 1205 vulnerum.

472 1238 597 1319 gravirm
608 1238 798 1301 ulceremus.
836 1234 1025 1299 Domestica
1034 1253 1175 1316 namque
1185 1241 1262 1297 sunt
1275 1234 1427 1317 exempla

473 1360 571 1421 quam
586 1338 745 1422 plurimis.
791 1336 832 1399 In
847 1346 967 1400 tantam
987 1356 1061 1398 roro
1084 1333 1214 1418 qnidam
1228 1333 1326 1418 hujus
1338 1332 1428 1397 vani·

472 1441 547 1505 tetis
572 1439 723 1503 instinctu
751 1458 884 1522 erupere
911 1437 1083 1514 vesaniam,
1107 1446 1142 1501 ut
1168 1435 1277 1500 hostes
1303 1445 1425 1497 natura

475 1542 599 1619 tierent,
629 1539 825 1603 conditionis
854 1560 921 1602 suae
951 1539 1162 1614 immemores,
1186 1535 1286 1599 divini
1308 1534 1427 1619 judicii

472 1650 720 1725 contemptores,
743 1640 821 1704 dum
842 1641 878 1703 in
897 1639 1072 1703 vindictam
1091 1641 1239 1717 seranum,
1253 1638 1426 1721 imaginem

471 1742 534 1807 Dei
562 1740 731 1826 exquisitis
760 1741 930 1824 suppliciis
959 1740 1176 1824 subjugarent
1235 1740 1308 1803 Nec
1338 1738 1429 1802 veriti

474 1850 549 1906 sunt
563 1840 728 1903 hominem
742 1860 801 1923 pro
815 1839 955 1903 bestiola
967 1838 1111 1922 perdere,
1125 1860 1222 1923 quem
1243 1838 1429 1922 unigenitus

475 1939 610 2005 redemit
630 1939 786 2020 sanguine
801 1960 870 2003 suo.
916 1940 997 2013 Quae
1011 1940 1085 2004 serae
1099 1951 1220 2004 naturae
1235 1950 1320 2017 eunt,
1333 1948 1367 2003 et
1387 1938 1430 2002 de

470 2041 543 2126 jure
559 2039 787 2124 occupantium
806 2038 901 2119 fiunt,
915 2040 978 2104 sibi
997 2040 1096 2106 audet
1114 2042 1255 2106 humane
1269 2040 1430 2105 temeritas

476 2140 667 2225 inspiciente
691 2140 833 2203 Domino
849 2139 1031 2217 vendicare,
1046 2151 1079 2206 et
1099 2141 1186 2205 idem
1203 2141 1287 2225 juris
1304 2142 1339 2205 in
1361 2158 1430 2203 om-

476 2242 573 2311 nibus
598 2242 784 2325 ubicunque
809 2241 873 2305 sint
896 2243 1016 2320 statuit,
1038 2263 1075 2307 ac
1102 2243 1130 2307 si
1156 2244 1286 2309 claustri
1307 2243 1359 2307 sui
1380 2243 1429 2305 in·

477 2342 592 2423 dagine
615 2341 762 2405 universa
786 2340 953 2405 cinxisset.
999 2342 1162 2427 Quodque
1184 2344 1286 2426 magis
1306 2344 1431 2420 mirere,

478 2443 612 2525 pedicas
626 2463 737 2525 parare
753 2442 877 2519 avibus,
893 2445 1027 2528 laqueos
1042 2454 1162 2521 texere,
1173 2445 1301 2507 allicere
1314 2443 1432 2517 modis,

480 2545 531 2608 vel
551 2542 667 2617 fistula,
684 2564 722 2606 ac
745 2544 994 2627 quibuscunque
1014 2542 1141 2608 insidiis
1162 2546 1378 2628 supplantare,
1392 2563 1435 2605 ex

478 2644 586 2709 edicto
597 2665 683 2726 saepe
696 2643 735 2707 fit
749 2646 903 2723 criminis,
915 2655 949 2710 et
962 2646 1013 2710 vel
1026 2644 1260 2729 pmscriptione
1274 2645 1432 2707 bonorum

477 2748 657 2828 mulctatur,
673 2748 724 2811 vel
739 2750 954 2813 membrorum
969 2748 1101 2834 punitur
1114 2748 1290 2832 salutisque
1304 2745 1433 2831 dispen-

477 2849 542 2914 dio.
587 2850 743 2914 Volucres
765 2851 841 2915 coeli
862 2861 896 2916 et
912 2852 1021 2936 pisces
1042 2853 1139 2917 maris
1161 2871 1348 2915 communes
1361 2869 1434 2912 esse

478 2949 636 3024 audieras,
658 2948 718 3011 sed
746 2949 816 3012 haee
847 2951 919 3012 fisci
942 2961 1026 3032 sunt,
1052 2974 1133 3035 quas
1157 2952 1305 3015 renadca
1329 2950 1442 3034 exigit

466 3050 696 3146 ubicunque
653 3035 810 3137 rolant.
848 3035 984 3113 Manum
999 3052 1139 3131 contine,
1152 3037 1283 3114 istarum
1298 3053 1435 3129 abstine,

480 3171 523 3213 ne
538 3159 571 3212 et
584 3158 620 3212 tu
635 3147 670 3210 in
681 3167 811 3232 poenam
827 3149 913 3212 laesae
929 3149 1119 3264 majestatis,
1135 3151 1325 3216 venantibus
1338 3152 1436 3217 cedas

481 3254 515 3316 in
545 3250 697 3334 praedam.
757 3252 785 3314 A
814 3250 985 3314 novalibus
1013 3253 1081 3316 suis
1107 3263 1252 3316 arcentur
1276 3219 1554 3349 ιιςιίοοΙιιιῇἶμχ4

428 3297 510 3456 ii
482 3352 559 3416 dnm
587 3352 663 3416 ferae
697 3351 838 3416 habeant
843 3337 1015 3435 vagandi
1031 3325 1252 3418 libertatem
1296 3357 1367 3420 Illis
1400 3368 1437 3422 ut
1471 3372 1519 3437 ff

453 3435 629 3534 'pascua
632 3448 825 3532 augeantur,
862 3446 983 3536 praedia
1022 3430 1251 3519 subtrahuntur
1286 3457 1437 3540 agricolis

482 3551 672 3668 Qualia,
692 3551 822 3616 insitiva
851 3554 987 3632 colonie,
1013 3575 1209 3638 compascua
1236 3559 1435 3623 armentariis

480 3664 515 3719 et
536 3653 700 3738 gregariis,
724 3653 862 3717 alvearia
884 3676 904 3718 a
925 3656 1090 3720 floralibus
1109 3657 1437 3741 excluduntur,1psis

480 3777 611 3842 quoque
633 3756 752 3840 apibus
772 3755 829 3819 vix
851 3758 988 3822 naturali
1009 3758 1155 3824 libertate
1178 3761 1224 3825 uti
1245 3761 1438 3844 permissum

480 3869 540 3922 est.
584 3857 674 3920 Deus
700 3857 797 3931 bone,
822 3857 910 3940 quod
937 3869 1078 3939 oestrum,
1102 3870 1135 3924 et
1160 3870 1293 3925 caeteras
1318 3869 1437 3943 pestes,

480 3979 553 4043 quae
589 3977 657 4021 non
685 3959 778 4034 seras,
808 3958 866 4022 sed
895 3958 1022 4024 delitias
1058 3970 1231 4043 potentum
1260 3960 1436 4041 exagitant,

482 4069 550 4122 tote
561 4066 730 4141 potentatu
741 4079 799 4121 suo
811 4080 876 4122 non
888 4071 1025 4144 possunt
1036 4058 1178 4142 abigere,
1189 4083 1288 4144 quum
1299 4072 1332 4125 et
1341 4062 1438 4126 culex

483 4160 518 4222 in
533 4157 689 4222 ultionem
703 4159 843 4222 hominis
858 4172 1009 4235 armatus,
1024 4160 1211 4224 acrimoniae
1226 4183 1292 4225 suae
1308 4164 1437 4228 aculeos

483 4262 516 4324 in
539 4260 624 4323 feras
646 4270 731 4324 recte
754 4273 914 4326 exerceat.
960 4262 1013 4324 Sic
1034 4259 1061 4324 si
1081 4260 1136 4326 hic
1158 4263 1266 4342 fueris,
1280 4265 1314 4328 in
1336 4287 1436 4330 annos

481 4362 606 4446 cogeris
635 4373 704 4426 sata
732 4364 886 4427 redimere
917 4363 966 4425 rel
995 4362 1150 4429 amittere.
1205 4365 1299 4450 Elige
1329 4378 1434 4434 utrum
