<?xml version="1.0" encoding="UTF-8"?>
<!DOCTYPE html PUBLIC "-//W3C//DTD XHTML 1.0 Transitional//EN"
    "http://www.w3.org/TR/xhtml1/DTD/xhtml1-transitional.dtd">
<html xmlns="http://www.w3.org/1999/xhtml" xml:lang="en" lang="en">
 <head>
  <title>
</title>
<meta http-equiv="Content-Type" content="text/html;charset=utf-8" />
  <meta name='ocr-system' content='tesseract 3.04.00' />
  <meta name='ocr-capabilities' content='ocr_page ocr_carea ocr_par ocr_line ocrx_word'/>
</head>
<body>
  <div class='ocr_page' id='page_1' title='image "./joannissaresber12johngoog_0206.png"; bbox 0 0 3575 5575; ppageno 0'>
   <div class='ocr_carea' id='block_1_1' title="bbox 478 770 1430 852">
    <p class='ocr_par' dir='ltr' id='par_1_1' title="bbox 478 770 1430 852">
     <span class='ocr_line' id='line_1_1' title="bbox 478 770 1430 852; baseline 0.001 -13"><span class='ocrx_word' id='word_1_1' title='bbox 478 770 538 841; x_wconf 82' lang='lat' dir='ltr'>l96</span> <span class='ocrx_word' id='word_1_2' title='bbox 742 781 877 839; x_wconf 73' lang='lat' dir='ltr'>cornuis</span> <span class='ocrx_word' id='word_1_3' title='bbox 893 785 1169 838; x_wconf 81' lang='lat' dir='ltr'>sanusunatnnsrs</span> <span class='ocrx_word' id='word_1_4' title='bbox 1274 772 1357 852; x_wconf 81' lang='lat' dir='ltr'>[mu.</span> <span class='ocrx_word' id='word_1_5' title='bbox 1376 795 1430 842; x_wconf 89' lang='lat'>111.</span> 
     </span>
    </p>
   </div>
   <div class='ocr_carea' id='block_1_2' title="bbox 471 945 1451 2752">
    <p class='ocr_par' dir='ltr' id='par_1_2' title="bbox 471 945 1451 2752">
     <span class='ocr_line' id='line_1_2' title="bbox 483 945 1439 1030; baseline 0.003 -21"><span class='ocrx_word' id='word_1_6' title='bbox 483 946 571 1030; x_wconf 91' lang='lat' dir='ltr'>quod</span> <span class='ocrx_word' id='word_1_7' title='bbox 593 970 633 1010; x_wconf 86' lang='lat' dir='ltr'>ex</span> <span class='ocrx_word' id='word_1_8' title='bbox 656 948 852 1030; x_wconf 86' lang='lat' dir='ltr'>Evangelica</span> <span class='ocrx_word' id='word_1_9' title='bbox 873 948 973 1010; x_wconf 86' lang='lat' dir='ltr'>babes</span> <span class='ocrx_word' id='word_1_10' title='bbox 992 945 1134 1022; x_wconf 88' lang='lat' dir='ltr'>historia,</span> <span class='ocrx_word' id='word_1_11' title='bbox 1149 945 1307 1010; x_wconf 82' lang='lat' dir='ltr'>salubrius</span> <span class='ocrx_word' id='word_1_12' title='bbox 1328 949 1439 1012; x_wconf 89' lang='lat' dir='ltr'>incau-</span> 
     </span>
     <span class='ocr_line' id='line_1_3' title="bbox 482 1049 1436 1132; baseline -0.002 -20"><span class='ocrx_word' id='word_1_13' title='bbox 482 1060 548 1112; x_wconf 88' lang='lat' dir='ltr'>tum</span> <span class='ocrx_word' id='word_1_14' title='bbox 564 1061 596 1112; x_wconf 89' lang='lat' dir='ltr'>et</span> <span class='ocrx_word' id='word_1_15' title='bbox 610 1049 768 1132; x_wconf 88' lang='lat' dir='ltr'>perfidum</span> <span class='ocrx_word' id='word_1_16' title='bbox 781 1049 926 1112; x_wconf 90' lang='lat' dir='ltr'>solvisset</span> <span class='ocrx_word' id='word_1_17' title='bbox 934 1049 1163 1132; x_wconf 83' lang='lat' dir='ltr'>jurameutum,</span> <span class='ocrx_word' id='word_1_18' title='bbox 1173 1067 1270 1130; x_wconf 91' lang='lat' dir='ltr'>quam</span> <span class='ocrx_word' id='word_1_19' title='bbox 1286 1049 1318 1110; x_wconf 94' lang='lat' dir='ltr'>iu</span> <span class='ocrx_word' id='word_1_20' title='bbox 1331 1050 1436 1112; x_wconf 89' lang='lat' dir='ltr'>extin-</span> 
     </span>
     <span class='ocr_line' id='line_1_4' title="bbox 482 1147 1438 1230; baseline 0.002 -19"><span class='ocrx_word' id='word_1_21' title='bbox 482 1149 611 1229; x_wconf 83' lang='lat' dir='ltr'>guenda</span> <span class='ocrx_word' id='word_1_22' title='bbox 623 1152 755 1213; x_wconf 90' lang='lat' dir='ltr'>lucerna</span> <span class='ocrx_word' id='word_1_23' title='bbox 770 1149 867 1226; x_wconf 89' lang='lat' dir='ltr'>verbi,</span> <span class='ocrx_word' id='word_1_24' title='bbox 882 1147 1055 1211; x_wconf 81' lang='lat' dir='ltr'>auferendo</span> <span class='ocrx_word' id='word_1_25' title='bbox 1070 1148 1302 1230; x_wconf 89' lang='lat' dir='ltr'>praeambulum</span> <span class='ocrx_word' id='word_1_26' title='bbox 1318 1149 1438 1230; x_wconf 75' lang='lat' dir='ltr'>gratiae,</span> 
     </span>
     <span class='ocr_line' id='line_1_5' title="bbox 481 1247 1439 1332; baseline 0 -22"><span class='ocrx_word' id='word_1_27' title='bbox 481 1251 621 1314; x_wconf 88' lang='lat' dir='ltr'>veritatis</span> <span class='ocrx_word' id='word_1_28' title='bbox 632 1250 813 1314; x_wconf 83' lang='lat' dir='ltr'>occidendo</span> <span class='ocrx_word' id='word_1_29' title='bbox 824 1269 1018 1332; x_wconf 75' lang='lat' dir='ltr'>praeconem,</span> <span class='ocrx_word' id='word_1_30' title='bbox 1031 1268 1173 1310; x_wconf 82' lang='lat' dir='ltr'>mensam</span> <span class='ocrx_word' id='word_1_31' title='bbox 1184 1247 1350 1330; x_wconf 90' lang='lat' dir='ltr'>pollueret,</span> <span class='ocrx_word' id='word_1_32' title='bbox 1361 1269 1439 1312; x_wconf 91' lang='lat' dir='ltr'>con·</span> 
     </span>
     <span class='ocr_line' id='line_1_6' title="bbox 479 1345 1437 1430; baseline 0.004 -22"><span class='ocrx_word' id='word_1_33' title='bbox 479 1348 599 1412; x_wconf 84' lang='lat' dir='ltr'>rivium</span> <span class='ocrx_word' id='word_1_34' title='bbox 628 1349 806 1424; x_wconf 79' lang='lat' dir='ltr'>incestaret,</span> <span class='ocrx_word' id='word_1_35' title='bbox 835 1347 956 1428; x_wconf 75' lang='lat' dir='ltr'>regiam</span> <span class='ocrx_word' id='word_1_36' title='bbox 985 1345 1199 1428; x_wconf 78' lang='lat' dir='ltr'><strong>pessundaret</strong></span> <span class='ocrx_word' id='word_1_37' title='bbox 1228 1347 1437 1430; x_wconf 88' lang='lat' dir='ltr'>majestatem,</span> 
     </span>
     <span class='ocr_line' id='line_1_7' title="bbox 480 1448 1438 1534; baseline 0.003 -22"><span class='ocrx_word' id='word_1_38' title='bbox 480 1449 557 1512; x_wconf 88' lang='lat' dir='ltr'>dum</span> <span class='ocrx_word' id='word_1_39' title='bbox 580 1450 716 1530; x_wconf 85' lang='lat' dir='ltr'>incestui</span> <span class='ocrx_word' id='word_1_40' title='bbox 739 1461 854 1513; x_wconf 86' lang='lat' dir='ltr'>cuncta</span> <span class='ocrx_word' id='word_1_41' title='bbox 876 1448 1026 1520; x_wconf 87' lang='lat' dir='ltr'>serviunt,</span> <span class='ocrx_word' id='word_1_42' title='bbox 1049 1457 1081 1510; x_wconf 92' lang='lat' dir='ltr'>et</span> <span class='ocrx_word' id='word_1_43' title='bbox 1102 1449 1323 1534; x_wconf 90' lang='lat' dir='ltr'>obtemperant</span> <span class='ocrx_word' id='word_1_44' title='bbox 1344 1451 1438 1516; x_wconf 87' lang='lat' dir='ltr'>salta-</span> 
     </span>
     <span class='ocr_line' id='line_1_8' title="bbox 479 1549 1436 1635; baseline 0.002 -21"><span class='ocrx_word' id='word_1_45' title='bbox 479 1551 560 1616; x_wconf 91' lang='lat' dir='ltr'>trici.</span> <span class='ocrx_word' id='word_1_46' title='bbox 591 1551 711 1614; x_wconf 86' lang='lat' dir='ltr'>Etbica</span> <span class='ocrx_word' id='word_1_47' title='bbox 727 1550 859 1635; x_wconf 90' lang='lat' dir='ltr'>quidem</span> <span class='ocrx_word' id='word_1_48' title='bbox 871 1549 980 1630; x_wconf 85' lang='lat' dir='ltr'>regula</span> <span class='ocrx_word' id='word_1_49' title='bbox 992 1559 1054 1612; x_wconf 90' lang='lat' dir='ltr'>est:</span> <span class='ocrx_word' id='word_1_50' title='bbox 1071 1549 1148 1632; x_wconf 86' lang='lat' dir='ltr'>quia</span> <span class='ocrx_word' id='word_1_51' title='bbox 1161 1571 1225 1612; x_wconf 91' lang='lat' dir='ltr'>non</span> <span class='ocrx_word' id='word_1_52' title='bbox 1242 1551 1350 1614; x_wconf 91' lang='lat' dir='ltr'>omnia</span> <span class='ocrx_word' id='word_1_53' title='bbox 1362 1563 1436 1616; x_wconf 89' lang='lat' dir='ltr'>suut</span> 
     </span>
     <span class='ocr_line' id='line_1_9' title="bbox 478 1649 1435 1736; baseline 0 -19"><span class='ocrx_word' id='word_1_54' title='bbox 478 1674 606 1736; x_wconf 86' lang='lat' dir='ltr'>semper</span> <span class='ocrx_word' id='word_1_55' title='bbox 630 1652 788 1735; x_wconf 88' lang='lat' dir='ltr'>promissa</span> <span class='ocrx_word' id='word_1_56' title='bbox 813 1649 987 1725; x_wconf 81' lang='lat' dir='ltr'>solvenda3</span> <span class='ocrx_word' id='word_1_57' title='bbox 1020 1651 1046 1713; x_wconf 93' lang='lat' dir='ltr'>si</span> <span class='ocrx_word' id='word_1_58' title='bbox 1071 1650 1153 1713; x_wconf 81' lang='lat' dir='ltr'>forte</span> <span class='ocrx_word' id='word_1_59' title='bbox 1182 1662 1238 1714; x_wconf 88' lang='lat' dir='ltr'>aut</span> <span class='ocrx_word' id='word_1_60' title='bbox 1262 1664 1435 1735; x_wconf 89' lang='lat' dir='ltr'>accepturo</span> 
     </span>
     <span class='ocr_line' id='line_1_10' title="bbox 479 1751 1437 1836; baseline -0.002 -16"><span class='ocrx_word' id='word_1_61' title='bbox 479 1757 646 1828; x_wconf 87' lang='lat' dir='ltr'>damnosa,</span> <span class='ocrx_word' id='word_1_62' title='bbox 676 1764 731 1817; x_wconf 92' lang='lat' dir='ltr'>aut</span> <span class='ocrx_word' id='word_1_63' title='bbox 757 1753 939 1836; x_wconf 89' lang='lat' dir='ltr'>perniciosa</span> <span class='ocrx_word' id='word_1_64' title='bbox 965 1751 1029 1815; x_wconf 91' lang='lat' dir='ltr'>sint</span> <span class='ocrx_word' id='word_1_65' title='bbox 1057 1752 1263 1834; x_wconf 78' lang='lat' dir='ltr'><strong>promittenti.</strong></span> <span class='ocrx_word' id='word_1_66' title='bbox 1308 1755 1353 1817; x_wconf 90' lang='lat' dir='ltr'>Et</span> <span class='ocrx_word' id='word_1_67' title='bbox 1380 1757 1437 1818; x_wconf 85' lang='lat' dir='ltr'>lex</span> 
     </span>
     <span class='ocr_line' id='line_1_11' title="bbox 479 1853 1433 1938; baseline -0.001 -17"><span class='ocrx_word' id='word_1_68' title='bbox 479 1859 629 1921; x_wconf 85' lang='lat' dir='ltr'>amicitiae</span> <span class='ocrx_word' id='word_1_69' title='bbox 642 1857 698 1919; x_wconf 90' lang='lat' dir='ltr'>illa</span> <span class='ocrx_word' id='word_1_70' title='bbox 713 1855 890 1938; x_wconf 88' lang='lat' dir='ltr'>praevaluit,</span> <span class='ocrx_word' id='word_1_71' title='bbox 905 1876 970 1937; x_wconf 92' lang='lat' dir='ltr'>qua</span> <span class='ocrx_word' id='word_1_72' title='bbox 985 1856 1053 1917; x_wconf 88' lang='lat' dir='ltr'>sola</span> <span class='ocrx_word' id='word_1_73' title='bbox 1071 1853 1207 1918; x_wconf 88' lang='lat' dir='ltr'>honesta</span> <span class='ocrx_word' id='word_1_74' title='bbox 1222 1855 1289 1938; x_wconf 91' lang='lat' dir='ltr'>peti</span> <span class='ocrx_word' id='word_1_75' title='bbox 1303 1856 1380 1922; x_wconf 90' lang='lat' dir='ltr'>licet</span> <span class='ocrx_word' id='word_1_76' title='bbox 1394 1859 1433 1921; x_wconf 90' lang='lat' dir='ltr'>ab</span> 
     </span>
     <span class='ocr_line' id='line_1_12' title="bbox 479 1954 1435 2038; baseline 0 -17"><span class='ocrx_word' id='word_1_77' title='bbox 479 1959 591 2021; x_wconf 88' lang='lat' dir='ltr'>amicis</span> <span class='ocrx_word' id='word_1_78' title='bbox 612 1968 666 2020; x_wconf 88' lang='lat' dir='ltr'>aut</span> <span class='ocrx_word' id='word_1_79' title='bbox 680 1956 757 2018; x_wconf 87' lang='lat' dir='ltr'>fieri.</span> <span class='ocrx_word' id='word_1_80' title='bbox 803 1955 945 2038; x_wconf 89' lang='lat' dir='ltr'>Ipsoque</span> <span class='ocrx_word' id='word_1_81' title='bbox 961 1954 1034 2038; x_wconf 86' lang='lat' dir='ltr'>jure</span> <span class='ocrx_word' id='word_1_82' title='bbox 1057 1963 1186 2018; x_wconf 86' lang='lat' dir='ltr'>cautum</span> <span class='ocrx_word' id='word_1_83' title='bbox 1210 1966 1267 2033; x_wconf 90' lang='lat' dir='ltr'>est,</span> <span class='ocrx_word' id='word_1_84' title='bbox 1290 1959 1435 2021; x_wconf 89' lang='lat' dir='ltr'>utnulla</span> 
     </span>
     <span class='ocr_line' id='line_1_13' title="bbox 477 2056 1433 2142; baseline -0.001 -21"><span class='ocrx_word' id='word_1_85' title='bbox 477 2057 658 2142; x_wconf 83' lang='lat' dir='ltr'>promissio,</span> <span class='ocrx_word' id='word_1_86' title='bbox 684 2077 755 2140; x_wconf 82' lang='lat' dir='ltr'>quae</span> <span class='ocrx_word' id='word_1_87' title='bbox 781 2066 906 2138; x_wconf 81' lang='lat' dir='ltr'>turpem</span> <span class='ocrx_word' id='word_1_88' title='bbox 932 2065 987 2118; x_wconf 91' lang='lat' dir='ltr'>aut</span> <span class='ocrx_word' id='word_1_89' title='bbox 1014 2056 1135 2119; x_wconf 91' lang='lat' dir='ltr'>tristem</span> <span class='ocrx_word' id='word_1_90' title='bbox 1159 2056 1276 2121; x_wconf 89' lang='lat' dir='ltr'>habeat</span> <span class='ocrx_word' id='word_1_91' title='bbox 1299 2057 1433 2137; x_wconf 84' lang='lat' dir='ltr'>exitum,</span> 
     </span>
     <span class='ocr_line' id='line_1_14' title="bbox 477 2156 1433 2242; baseline 0 -19"><span class='ocrx_word' id='word_1_92' title='bbox 477 2162 654 2242; x_wconf 85' lang='lat' dir='ltr'>impleatur.</span> <span class='ocrx_word' id='word_1_93' title='bbox 699 2159 865 2220; x_wconf 92' lang='lat' dir='ltr'>Postremo</span> <span class='ocrx_word' id='word_1_94' title='bbox 891 2156 1088 2220; x_wconf 88' lang='lat' dir='ltr'>antecedens</span> <span class='ocrx_word' id='word_1_95' title='bbox 1115 2158 1295 2240; x_wconf 88' lang='lat' dir='ltr'>promissio,</span> <span class='ocrx_word' id='word_1_96' title='bbox 1319 2180 1433 2224; x_wconf 90' lang='lat' dir='ltr'>couse-</span> 
     </span>
     <span class='ocr_line' id='line_1_15' title="bbox 478 2259 1430 2345; baseline -0.001 -19"><span class='ocrx_word' id='word_1_97' title='bbox 478 2263 606 2345; x_wconf 90' lang='lat' dir='ltr'>quentis</span> <span class='ocrx_word' id='word_1_98' title='bbox 631 2259 781 2324; x_wconf 90' lang='lat' dir='ltr'>beneficii</span> <span class='ocrx_word' id='word_1_99' title='bbox 806 2260 938 2340; x_wconf 81' lang='lat' dir='ltr'>gratiam</span> <span class='ocrx_word' id='word_1_100' title='bbox 963 2271 1018 2323; x_wconf 91' lang='lat' dir='ltr'>aut</span> <span class='ocrx_word' id='word_1_101' title='bbox 1039 2260 1209 2342; x_wconf 86' lang='lat' dir='ltr'>extinguit,</span> <span class='ocrx_word' id='word_1_102' title='bbox 1232 2270 1286 2323; x_wconf 89' lang='lat' dir='ltr'>aut</span> <span class='ocrx_word' id='word_1_103' title='bbox 1307 2261 1430 2325; x_wconf 90' lang='lat' dir='ltr'>minuit.</span> 
     </span>
     <span class='ocr_line' id='line_1_16' title="bbox 478 2361 1433 2447; baseline -0.001 -20"><span class='ocrx_word' id='word_1_104' title='bbox 478 2366 523 2427; x_wconf 91' lang='lat' dir='ltr'>Et</span> <span class='ocrx_word' id='word_1_105' title='bbox 543 2365 624 2426; x_wconf 89' lang='lat' dir='ltr'>sicut</span> <span class='ocrx_word' id='word_1_106' title='bbox 640 2362 760 2447; x_wconf 85' lang='lat' dir='ltr'>jacula,</span> <span class='ocrx_word' id='word_1_107' title='bbox 780 2383 853 2444; x_wconf 85' lang='lat' dir='ltr'>quae</span> <span class='ocrx_word' id='word_1_108' title='bbox 875 2361 1101 2445; x_wconf 84' lang='lat' dir='ltr'>praevidentur,</span> <span class='ocrx_word' id='word_1_109' title='bbox 1123 2362 1239 2426; x_wconf 88' lang='lat' dir='ltr'>feriunt</span> <span class='ocrx_word' id='word_1_110' title='bbox 1261 2362 1378 2440; x_wconf 92' lang='lat' dir='ltr'>minus,</span> <span class='ocrx_word' id='word_1_111' title='bbox 1401 2374 1433 2427; x_wconf 91' lang='lat' dir='ltr'>et</span> 
     </span>
     <span class='ocr_line' id='line_1_17' title="bbox 475 2462 1430 2551; baseline 0 -22"><span class='ocrx_word' id='word_1_112' title='bbox 475 2488 547 2551; x_wconf 84' lang='lat' dir='ltr'>quae</span> <span class='ocrx_word' id='word_1_113' title='bbox 563 2465 694 2528; x_wconf 93' lang='lat' dir='ltr'>omnino</span> <span class='ocrx_word' id='word_1_114' title='bbox 708 2485 773 2526; x_wconf 89' lang='lat' dir='ltr'>uon</span> <span class='ocrx_word' id='word_1_115' title='bbox 789 2474 1010 2545; x_wconf 85' lang='lat' dir='ltr'>praecaventur</span> <span class='ocrx_word' id='word_1_116' title='bbox 1025 2463 1126 2544; x_wconf 85' lang='lat' dir='ltr'>magis</span> <span class='ocrx_word' id='word_1_117' title='bbox 1140 2462 1272 2542; x_wconf 81' lang='lat' dir='ltr'>laedunt,</span> <span class='ocrx_word' id='word_1_118' title='bbox 1288 2464 1333 2527; x_wconf 90' lang='lat' dir='ltr'>ita</span> <span class='ocrx_word' id='word_1_119' title='bbox 1348 2473 1381 2528; x_wconf 90' lang='lat' dir='ltr'>et</span> <span class='ocrx_word' id='word_1_120' title='bbox 1396 2465 1430 2529; x_wconf 89' lang='lat' dir='ltr'>iu</span> 
     </span>
     <span class='ocr_line' id='line_1_18' title="bbox 475 2564 1451 2649; baseline -0.002 -18"><span class='ocrx_word' id='word_1_121' title='bbox 475 2566 644 2631; x_wconf 80' lang='lat' dir='ltr'>beneflciis</span> <span class='ocrx_word' id='word_1_122' title='bbox 659 2564 745 2649; x_wconf 90' lang='lat' dir='ltr'>quod</span> <span class='ocrx_word' id='word_1_123' title='bbox 762 2585 803 2626; x_wconf 88' lang='lat' dir='ltr'>ex</span> <span class='ocrx_word' id='word_1_124' title='bbox 819 2565 1031 2647; x_wconf 89' lang='lat' dir='ltr'>promissione</span> <span class='ocrx_word' id='word_1_125' title='bbox 1048 2575 1237 2648; x_wconf 84' lang='lat' dir='ltr'>conceptum</span> <span class='ocrx_word' id='word_1_126' title='bbox 1253 2574 1313 2638; x_wconf 90' lang='lat' dir='ltr'>est,</span> <span class='ocrx_word' id='word_1_127' title='bbox 1326 2566 1431 2629; x_wconf 88' lang='lat' dir='ltr'>minus</span> <span class='ocrx_word' id='word_1_128' title='bbox 1449 2573 1451 2578; x_wconf 87' lang='lat'>&#39;</span> 
     </span>
     <span class='ocr_line' id='line_1_19' title="bbox 471 2667 1435 2752; baseline 0 -20"><span class='ocrx_word' id='word_1_129' title='bbox 471 2669 641 2752; x_wconf 88' lang='lat' dir='ltr'>accipitur,</span> <span class='ocrx_word' id='word_1_130' title='bbox 656 2678 688 2730; x_wconf 92' lang='lat' dir='ltr'>et</span> <span class='ocrx_word' id='word_1_131' title='bbox 709 2667 796 2751; x_wconf 88' lang='lat' dir='ltr'>quod</span> <span class='ocrx_word' id='word_1_132' title='bbox 817 2689 859 2729; x_wconf 84' lang='lat' dir='ltr'>ex</span> <span class='ocrx_word' id='word_1_133' title='bbox 881 2667 1042 2750; x_wconf 87' lang='lat' dir='ltr'>insperato</span> <span class='ocrx_word' id='word_1_134' title='bbox 1063 2668 1220 2750; x_wconf 91' lang='lat' dir='ltr'>provenit,</span> <span class='ocrx_word' id='word_1_135' title='bbox 1242 2667 1360 2748; x_wconf 87' lang='lat' dir='ltr'>gratius</span> <span class='ocrx_word' id='word_1_136' title='bbox 1383 2691 1435 2732; x_wconf 89' lang='lat' dir='ltr'>ac-</span> 
     </span>
    </p>
   </div>
   <div class='ocr_carea' id='block_1_3' title="bbox 475 2765 1437 3156">
    <p class='ocr_par' dir='ltr' id='par_1_3' title="bbox 475 2765 1437 3156">
     <span class='ocr_line' id='line_1_20' title="bbox 475 2765 1437 2854; baseline -0.002 -20"><span class='ocrx_word' id='word_1_137' title='bbox 475 2780 628 2854; x_wconf 86' lang='lat' dir='ltr'>ceptatur.</span> <span class='ocrx_word' id='word_1_138' title='bbox 673 2769 767 2833; x_wconf 88' lang='lat' dir='ltr'>Licet</span> <span class='ocrx_word' id='word_1_139' title='bbox 781 2768 865 2831; x_wconf 91' lang='lat' dir='ltr'>enim</span> <span class='ocrx_word' id='word_1_140' title='bbox 889 2767 977 2831; x_wconf 87' lang='lat' dir='ltr'>nuda</span> <span class='ocrx_word' id='word_1_141' title='bbox 997 2767 1168 2851; x_wconf 89' lang='lat' dir='ltr'>promissio</span> <span class='ocrx_word' id='word_1_142' title='bbox 1191 2765 1277 2851; x_wconf 87' lang='lat' dir='ltr'>apud</span> <span class='ocrx_word' id='word_1_143' title='bbox 1293 2766 1384 2851; x_wconf 87' lang='lat' dir='ltr'>juris,</span> <span class='ocrx_word' id='word_1_144' title='bbox 1400 2767 1437 2832; x_wconf 80' lang='lat' dir='ltr'>ut</span> 
     </span>
     <span class='ocr_line' id='line_1_21' title="bbox 477 2865 1434 2952; baseline -0.001 -18"><span class='ocrx_word' id='word_1_145' title='bbox 477 2871 606 2943; x_wconf 89' lang='lat' dir='ltr'>dicitur,</span> <span class='ocrx_word' id='word_1_146' title='bbox 622 2872 741 2952; x_wconf 91' lang='lat' dir='ltr'>peritos</span> <span class='ocrx_word' id='word_1_147' title='bbox 755 2891 820 2932; x_wconf 92' lang='lat' dir='ltr'>non</span> <span class='ocrx_word' id='word_1_148' title='bbox 837 2870 940 2952; x_wconf 88' lang='lat' dir='ltr'>pariat</span> <span class='ocrx_word' id='word_1_149' title='bbox 961 2870 1129 2945; x_wconf 86' lang='lat' dir='ltr'>actionem,</span> <span class='ocrx_word' id='word_1_150' title='bbox 1145 2865 1317 2951; x_wconf 89' lang='lat' dir='ltr'>promissor</span> <span class='ocrx_word' id='word_1_151' title='bbox 1330 2871 1434 2933; x_wconf 91' lang='lat' dir='ltr'>omnis</span> 
     </span>
     <span class='ocr_line' id='line_1_22' title="bbox 475 2970 1432 3055; baseline 0.001 -20"><span class='ocrx_word' id='word_1_152' title='bbox 475 2972 562 3055; x_wconf 86' lang='lat' dir='ltr'>apud</span> <span class='ocrx_word' id='word_1_153' title='bbox 583 2972 745 3033; x_wconf 86' lang='lat' dir='ltr'>veritatem</span> <span class='ocrx_word' id='word_1_154' title='bbox 768 2970 813 3047; x_wconf 90' lang='lat' dir='ltr'>(ut</span> <span class='ocrx_word' id='word_1_155' title='bbox 836 2970 901 3032; x_wconf 86' lang='lat' dir='ltr'>dici</span> <span class='ocrx_word' id='word_1_156' title='bbox 925 2972 1014 3049; x_wconf 88' lang='lat' dir='ltr'>solet)</span> <span class='ocrx_word' id='word_1_157' title='bbox 1039 2971 1189 3053; x_wconf 84' lang='lat' dir='ltr'>pollicem</span> <span class='ocrx_word' id='word_1_158' title='bbox 1213 2970 1295 3046; x_wconf 86' lang='lat' dir='ltr'>fixit,</span> <span class='ocrx_word' id='word_1_159' title='bbox 1312 2982 1344 3035; x_wconf 90' lang='lat' dir='ltr'>et</span> <span class='ocrx_word' id='word_1_160' title='bbox 1359 2970 1432 3055; x_wconf 87' lang='lat' dir='ltr'>jure</span> 
     </span>
     <span class='ocr_line' id='line_1_23' title="bbox 475 3067 1431 3156; baseline 0 -21"><span class='ocrx_word' id='word_1_161' title='bbox 475 3072 562 3135; x_wconf 89' lang='lat' dir='ltr'>civili</span> <span class='ocrx_word' id='word_1_162' title='bbox 580 3081 734 3146; x_wconf 86' lang='lat' dir='ltr'>cessante,</span> <span class='ocrx_word' id='word_1_163' title='bbox 754 3067 831 3131; x_wconf 87' lang='lat' dir='ltr'>fidei</span> <span class='ocrx_word' id='word_1_164' title='bbox 850 3070 1037 3131; x_wconf 88' lang='lat' dir='ltr'>naturaliter</span> <span class='ocrx_word' id='word_1_165' title='bbox 1060 3069 1226 3151; x_wconf 85' lang='lat' dir='ltr'>obligatur.</span> <span class='ocrx_word' id='word_1_166' title='bbox 1272 3070 1337 3134; x_wconf 86' lang='lat' dir='ltr'>Sed</span> <span class='ocrx_word' id='word_1_167' title='bbox 1358 3074 1431 3156; x_wconf 89' lang='lat' dir='ltr'>quis</span> 
     </span>
    </p>
   </div>
   <div class='ocr_carea' id='block_1_4' title="bbox 472 3168 1431 3355">
    <p class='ocr_par' dir='ltr' id='par_1_4' title="bbox 472 3168 1431 3355">
     <span class='ocr_line' id='line_1_24' title="bbox 473 3168 1431 3254; baseline -0.001 -17"><span class='ocrx_word' id='word_1_168' title='bbox 473 3184 561 3237; x_wconf 91' lang='lat' dir='ltr'>actor</span> <span class='ocrx_word' id='word_1_169' title='bbox 581 3172 691 3236; x_wconf 91' lang='lat' dir='ltr'>durius</span> <span class='ocrx_word' id='word_1_170' title='bbox 706 3179 791 3253; x_wconf 87' lang='lat' dir='ltr'>aget,</span> <span class='ocrx_word' id='word_1_171' title='bbox 817 3192 912 3253; x_wconf 90' lang='lat' dir='ltr'>quam</span> <span class='ocrx_word' id='word_1_172' title='bbox 930 3168 1022 3248; x_wconf 89' lang='lat' dir='ltr'>fides,</span> <span class='ocrx_word' id='word_1_173' title='bbox 1048 3171 1075 3233; x_wconf 89' lang='lat' dir='ltr'>si</span> <span class='ocrx_word' id='word_1_174' title='bbox 1091 3172 1161 3254; x_wconf 88' lang='lat' dir='ltr'>ipsa</span> <span class='ocrx_word' id='word_1_175' title='bbox 1176 3172 1310 3253; x_wconf 85' lang='lat' dir='ltr'>coeperit</span> <span class='ocrx_word' id='word_1_176' title='bbox 1336 3194 1431 3236; x_wconf 89' lang='lat' dir='ltr'>accu-</span> 
     </span>
     <span class='ocr_line' id='line_1_25' title="bbox 472 3270 1329 3355; baseline -0.004 -17"><span class='ocrx_word' id='word_1_177' title='bbox 472 3274 564 3339; x_wconf 87' lang='lat' dir='ltr'>sare?</span> <span class='ocrx_word' id='word_1_178' title='bbox 592 3275 627 3337; x_wconf 84' lang='lat' dir='ltr'>Si</span> <span class='ocrx_word' id='word_1_179' title='bbox 642 3273 708 3355; x_wconf 86' lang='lat' dir='ltr'>agit</span> <span class='ocrx_word' id='word_1_180' title='bbox 722 3273 930 3345; x_wconf 88' lang='lat' dir='ltr'>conscientia,</span> <span class='ocrx_word' id='word_1_181' title='bbox 947 3272 1019 3354; x_wconf 88' lang='lat' dir='ltr'>quis</span> <span class='ocrx_word' id='word_1_182' title='bbox 1036 3270 1201 3335; x_wconf 84' lang='lat' dir='ltr'>absolvet?</span> <span class='ocrx_word' id='word_1_183' title='bbox 1226 3272 1329 3349; x_wconf 86' lang='lat' dir='ltr'>Certe,</span> 
     </span>
    </p>
   </div>
   <div class='ocr_carea' id='block_1_5' title="bbox 572 3394 1248 3631">
    <p class='ocr_par' dir='ltr' id='par_1_5' title="bbox 572 3394 1248 3631">
     <span class='ocr_line' id='line_1_26' title="bbox 576 3394 1220 3466; baseline -0.003 -19"><span class='ocrx_word' id='word_1_184' title='bbox 576 3395 704 3466; x_wconf 88' lang='lat' dir='ltr'>Exemplo</span> <span class='ocrx_word' id='word_1_185' title='bbox 716 3395 884 3464; x_wconf 87' lang='lat' dir='ltr'>quodcunque</span> <span class='ocrx_word' id='word_1_186' title='bbox 896 3394 965 3447; x_wconf 87' lang='lat' dir='ltr'>malo</span> <span class='ocrx_word' id='word_1_187' title='bbox 978 3396 1157 3459; x_wconf 87' lang='lat' dir='ltr'>committitur,</span> <span class='ocrx_word' id='word_1_188' title='bbox 1170 3395 1220 3465; x_wconf 84' lang='lat' dir='ltr'>ipsi</span> 
     </span>
     <span class='ocr_line' id='line_1_27' title="bbox 578 3479 1248 3551; baseline 0 -18"><span class='ocrx_word' id='word_1_189' title='bbox 578 3479 707 3551; x_wconf 88' lang='lat' dir='ltr'>Displicet</span> <span class='ocrx_word' id='word_1_190' title='bbox 718 3482 825 3543; x_wconf 87' lang='lat' dir='ltr'>auctori,</span> <span class='ocrx_word' id='word_1_191' title='bbox 837 3482 921 3551; x_wconf 87' lang='lat' dir='ltr'>prima</span> <span class='ocrx_word' id='word_1_192' title='bbox 933 3486 974 3533; x_wconf 86' lang='lat' dir='ltr'>est</span> <span class='ocrx_word' id='word_1_193' title='bbox 985 3480 1041 3533; x_wconf 86' lang='lat' dir='ltr'>haec</span> <span class='ocrx_word' id='word_1_194' title='bbox 1053 3480 1127 3546; x_wconf 90' lang='lat' dir='ltr'>ultio,</span> <span class='ocrx_word' id='word_1_195' title='bbox 1139 3480 1208 3549; x_wconf 91' lang='lat' dir='ltr'>quod</span> <span class='ocrx_word' id='word_1_196' title='bbox 1220 3498 1248 3533; x_wconf 88' lang='lat' dir='ltr'>se</span> 
     </span>
     <span class='ocr_line' id='line_1_28' title="bbox 572 3566 1033 3631; baseline 0 -12"><span class='ocrx_word' id='word_1_197' title='bbox 572 3566 678 3631; x_wconf 74' lang='lat' dir='ltr'>dudice,</span> <span class='ocrx_word' id='word_1_198' title='bbox 690 3583 766 3617; x_wconf 91' lang='lat' dir='ltr'>nemo</span> <span class='ocrx_word' id='word_1_199' title='bbox 777 3583 871 3619; x_wconf 83' lang='lat' dir='ltr'>nocens</span> <span class='ocrx_word' id='word_1_200' title='bbox 884 3566 1033 3620; x_wconf 82' lang='lat' dir='ltr'>absolvitur.</span> 
     </span>
    </p>
   </div>
   <div class='ocr_carea' id='block_1_6' title="bbox 464 3679 1428 4370">
    <p class='ocr_par' dir='ltr' id='par_1_6' title="bbox 464 3679 1428 4370">
     <span class='ocr_line' id='line_1_29' title="bbox 469 3679 1425 3764; baseline -0.004 -15"><span class='ocrx_word' id='word_1_201' title='bbox 469 3685 505 3749; x_wconf 84' lang='lat' dir='ltr'>si</span> <span class='ocrx_word' id='word_1_202' title='bbox 520 3703 595 3747; x_wconf 89' lang='lat' dir='ltr'>vero</span> <span class='ocrx_word' id='word_1_203' title='bbox 610 3682 681 3764; x_wconf 89' lang='lat' dir='ltr'>ipsa</span> <span class='ocrx_word' id='word_1_204' title='bbox 690 3679 859 3764; x_wconf 87' lang='lat' dir='ltr'>justificat,</span> <span class='ocrx_word' id='word_1_205' title='bbox 872 3681 949 3764; x_wconf 88' lang='lat' dir='ltr'>quis</span> <span class='ocrx_word' id='word_1_206' title='bbox 965 3681 1183 3746; x_wconf 82' lang='lat' dir='ltr'>condemnati</span> <span class='ocrx_word' id='word_1_207' title='bbox 1212 3683 1425 3747; x_wconf 89' lang='lat' dir='ltr'>Proculdubio</span> 
     </span>
     <span class='ocr_line' id='line_1_30' title="bbox 469 3782 1428 3868; baseline 0 -21"><span class='ocrx_word' id='word_1_208' title='bbox 469 3786 575 3868; x_wconf 91' lang='lat' dir='ltr'>quiin</span> <span class='ocrx_word' id='word_1_209' title='bbox 595 3784 652 3847; x_wconf 93' lang='lat' dir='ltr'>illo</span> <span class='ocrx_word' id='word_1_210' title='bbox 667 3783 797 3845; x_wconf 92' lang='lat' dir='ltr'>timetur</span> <span class='ocrx_word' id='word_1_211' title='bbox 811 3782 956 3856; x_wconf 89' lang='lat' dir='ltr'>articulo,</span> <span class='ocrx_word' id='word_1_212' title='bbox 975 3783 1135 3848; x_wconf 91' lang='lat' dir='ltr'>Dominus</span> <span class='ocrx_word' id='word_1_213' title='bbox 1158 3795 1217 3859; x_wconf 89' lang='lat' dir='ltr'>est,</span> <span class='ocrx_word' id='word_1_214' title='bbox 1233 3786 1290 3847; x_wconf 90' lang='lat' dir='ltr'>ubi</span> <span class='ocrx_word' id='word_1_215' title='bbox 1311 3795 1344 3848; x_wconf 92' lang='lat' dir='ltr'>et</span> <span class='ocrx_word' id='word_1_216' title='bbox 1358 3785 1428 3847; x_wconf 93' lang='lat' dir='ltr'>dies</span> 
     </span>
     <span class='ocr_line' id='line_1_31' title="bbox 468 3885 1426 3968; baseline -0.002 -18"><span class='ocrx_word' id='word_1_217' title='bbox 468 3886 682 3950; x_wconf 89' lang='lat' dir='ltr'>contemnitur</span> <span class='ocrx_word' id='word_1_218' title='bbox 695 3886 864 3961; x_wconf 90' lang='lat' dir='ltr'>humanus,</span> <span class='ocrx_word' id='word_1_219' title='bbox 875 3896 909 3946; x_wconf 90' lang='lat' dir='ltr'>et</span> <span class='ocrx_word' id='word_1_220' title='bbox 923 3887 1122 3949; x_wconf 88' lang='lat' dir='ltr'>conscientia</span> <span class='ocrx_word' id='word_1_221' title='bbox 1135 3885 1221 3968; x_wconf 93' lang='lat' dir='ltr'>quod</span> <span class='ocrx_word' id='word_1_222' title='bbox 1234 3887 1426 3968; x_wconf 89' lang='lat' dir='ltr'>obloquatur</span> 
     </span>
     <span class='ocr_line' id='line_1_32' title="bbox 467 3986 1425 4068; baseline 0.003 -21"><span class='ocrx_word' id='word_1_223' title='bbox 467 4007 532 4047; x_wconf 90' lang='lat' dir='ltr'>non</span> <span class='ocrx_word' id='word_1_224' title='bbox 547 3987 678 4048; x_wconf 90' lang='lat' dir='ltr'>invenit.</span> <span class='ocrx_word' id='word_1_225' title='bbox 724 3986 760 4049; x_wconf 89' lang='lat' dir='ltr'>Si</span> <span class='ocrx_word' id='word_1_226' title='bbox 780 4007 854 4048; x_wconf 91' lang='lat' dir='ltr'>vero</span> <span class='ocrx_word' id='word_1_227' title='bbox 869 3986 1008 4048; x_wconf 87' lang='lat' dir='ltr'>animam</span> <span class='ocrx_word' id='word_1_228' title='bbox 1031 3997 1185 4049; x_wconf 91' lang='lat' dir='ltr'>accusant</span> <span class='ocrx_word' id='word_1_229' title='bbox 1201 4007 1308 4068; x_wconf 89' lang='lat' dir='ltr'>opera,</span> <span class='ocrx_word' id='word_1_230' title='bbox 1323 3996 1355 4049; x_wconf 90' lang='lat' dir='ltr'>et</span> <span class='ocrx_word' id='word_1_231' title='bbox 1376 3988 1425 4051; x_wconf 91' lang='lat' dir='ltr'>illi</span> 
     </span>
     <span class='ocr_line' id='line_1_33' title="bbox 470 4084 1428 4163; baseline 0.001 -12"><span class='ocrx_word' id='word_1_232' title='bbox 470 4085 669 4151; x_wconf 86' lang='lat' dir='ltr'>conscientia</span> <span class='ocrx_word' id='word_1_233' title='bbox 684 4087 774 4149; x_wconf 90' lang='lat' dir='ltr'>testis</span> <span class='ocrx_word' id='word_1_234' title='bbox 789 4086 919 4163; x_wconf 86' lang='lat' dir='ltr'>assistit,</span> <span class='ocrx_word' id='word_1_235' title='bbox 935 4096 966 4147; x_wconf 93' lang='lat' dir='ltr'>et</span> <span class='ocrx_word' id='word_1_236' title='bbox 981 4106 1111 4149; x_wconf 88' lang='lat' dir='ltr'>causam</span> <span class='ocrx_word' id='word_1_237' title='bbox 1128 4084 1242 4148; x_wconf 90' lang='lat' dir='ltr'>veritas</span> <span class='ocrx_word' id='word_1_238' title='bbox 1262 4088 1428 4152; x_wconf 86' lang='lat' dir='ltr'>examinet</span> 
     </span>
     <span class='ocr_line' id='line_1_34' title="bbox 465 4187 1426 4275; baseline 0.003 -24"><span class='ocrx_word' id='word_1_239' title='bbox 465 4188 640 4272; x_wconf 83' lang='lat' dir='ltr'>-aequitatis,</span> <span class='ocrx_word' id='word_1_240' title='bbox 656 4187 729 4270; x_wconf 90' lang='lat' dir='ltr'>quis</span> <span class='ocrx_word' id='word_1_241' title='bbox 750 4209 859 4270; x_wconf 89' lang='lat' dir='ltr'>quaeso</span> <span class='ocrx_word' id='word_1_242' title='bbox 880 4187 1051 4249; x_wconf 86' lang='lat' dir='ltr'>Praetorio</span> <span class='ocrx_word' id='word_1_243' title='bbox 1072 4208 1170 4262; x_wconf 93' lang='lat' dir='ltr'>ream,</span> <span class='ocrx_word' id='word_1_244' title='bbox 1186 4188 1426 4275; x_wconf 87' lang='lat' dir='ltr'>obnoxiamque</span> 
     </span>
     <span class='ocr_line' id='line_1_35' title="bbox 464 4287 1423 4370; baseline 0.004 -17"><span class='ocrx_word' id='word_1_245' title='bbox 464 4288 634 4354; x_wconf 85' lang='lat' dir='ltr'>mendacio</span> <span class='ocrx_word' id='word_1_246' title='bbox 651 4290 775 4370; x_wconf 86' lang='lat' dir='ltr'>gravius</span> <span class='ocrx_word' id='word_1_247' title='bbox 798 4288 995 4352; x_wconf 88' lang='lat' dir='ltr'>vindicabit?</span> <span class='ocrx_word' id='word_1_248' title='bbox 1027 4287 1112 4352; x_wconf 85' lang='lat' dir='ltr'>Saue</span> <span class='ocrx_word' id='word_1_249' title='bbox 1128 4290 1250 4353; x_wconf 80' lang='lat' dir='ltr'>Praetor</span> <span class='ocrx_word' id='word_1_250' title='bbox 1272 4292 1332 4355; x_wconf 89' lang='lat' dir='ltr'>etsi</span> <span class='ocrx_word' id='word_1_251' title='bbox 1353 4294 1423 4357; x_wconf 88' lang='lat' dir='ltr'>viva</span> 
     </span>
    </p>
   </div>
   <div class='ocr_carea' id='block_1_7' title="bbox 355 4378 1422 4476">
    <p class='ocr_par' dir='ltr' id='par_1_7' title="bbox 355 4378 1422 4476">
     <span class='ocr_line' id='line_1_36' title="bbox 355 4378 1422 4476; baseline 0.007 -24"><span class='ocrx_word' id='word_1_252' title='bbox 355 4378 361 4389; x_wconf 55' lang='lat'><strong><em>⁹</em></strong></span> <span class='ocrx_word' id='word_1_253' title='bbox 468 4415 531 4457; x_wconf 86' lang='lat' dir='ltr'>vox</span> <span class='ocrx_word' id='word_1_254' title='bbox 541 4390 624 4475; x_wconf 85' lang='lat' dir='ltr'>juris</span> <span class='ocrx_word' id='word_1_255' title='bbox 636 4412 706 4455; x_wconf 91' lang='lat' dir='ltr'>esse</span> <span class='ocrx_word' id='word_1_256' title='bbox 722 4392 857 4463; x_wconf 85' lang='lat' dir='ltr'>dicatur,</span> <span class='ocrx_word' id='word_1_257' title='bbox 869 4390 1056 4454; x_wconf 86' lang='lat' dir='ltr'>senteutiam</span> <span class='ocrx_word' id='word_1_258' title='bbox 1066 4390 1142 4475; x_wconf 82' lang='lat' dir='ltr'>ejus</span> <span class='ocrx_word' id='word_1_259' title='bbox 1158 4393 1272 4457; x_wconf 86' lang='lat' dir='ltr'>veritas</span> <span class='ocrx_word' id='word_1_260' title='bbox 1283 4395 1422 4476; x_wconf 90' lang='lat' dir='ltr'>plerum·</span> 
     </span>
    </p>
   </div>
   <div class='ocr_carea' id='block_1_8' title="bbox 0 0 1792 5575">
    <p class='ocr_par' dir='ltr' id='par_1_8' title="bbox 0 0 1792 5575">
     <span class='ocr_line' id='line_1_37' title="bbox 0 0 1792 5575; baseline 0 8"><span class='ocrx_word' id='word_1_261' title='bbox 0 0 1792 5575; x_wconf 95' lang='lat' dir='ltr'> </span> 
     </span>
    </p>
   </div>
  </div>
 </body>
</html>
