3575 5575
469 734 534 791 att
714 742 854 788 cornuta
877 741 1152 790 sannananrnnsrs
1283 725 1364 804 [arn.
1382 746 1425 791 ιν.

469 895 613 983 publicos
624 894 760 960 honores
771 915 905 974 cessare,
915 897 1075 958 naturales
1087 906 1119 958 et
1129 894 1286 979 genuinos
1297 897 1423 964 exoriri.

469 1000 544 1062 Ηοσ
569 1018 711 1084 quoque,
737 995 841 1081 inquit
868 998 1007 1070 Taurus,
1033 994 1121 1082 quod
1145 995 1184 1060 ad
1209 991 1259 1060 me
1283 998 1423 1072 venistis,

469 1099 556 1187 quod
583 1119 668 1163 nunc
693 1097 866 1184 loquimur,
889 1096 977 1181 quod
1004 1095 1044 1160 de
1069 1095 1180 1161 officiis
1205 1096 1423 1176 discertamus,

468 1205 596 1290 privata
609 1201 693 1266 actio
707 1212 764 1265 est.
796 1201 913 1284 Itaque
924 1211 960 1264 tu
976 1212 1067 1285 pater
1082 1213 1173 1265 utere
1184 1200 1235 1266 bis
1248 1201 1423 1267 honoribus

467 1305 570 1390 prius,
596 1302 714 1390 quibus
741 1323 871 1388 quoque
897 1300 1007 1364 domui
1031 1313 1145 1367 vestrae
1168 1314 1200 1368 te
1222 1302 1271 1368 uti
1286 1304 1422 1390 priorem

468 1405 572 1472 decet.
617 1405 700 1469 Haec
721 1426 798 1488 ergo
820 1402 1059 1488 magistratibus
1080 1404 1268 1488 generaliter
1293 1428 1425 1491 persua·

468 1505 574 1570 denda
599 1504 746 1581 arbitror,
773 1503 869 1569 utin
895 1498 1063 1589 splendore
1092 1504 1229 1590 publicae
1259 1506 1424 1592 dignitatis

468 1629 622 1671 memores
647 1606 710 1670 sint
733 1604 872 1691 propriae
899 1604 1098 1684 conditionis,
1123 1618 1156 1671 et
1184 1607 1229 1671 εἰσ
1254 1607 1420 1677 attendant

467 1708 607 1796 pmpriae
621 1706 811 1774 conditionis
830 1718 961 1786 statum,
976 1721 1090 1773 utnon
1111 1707 1320 1774 devenustent
1341 1712 1423 1797 pub-

468 1806 538 1871 licae
552 1804 719 1892 dignitatis
734 1803 888 1888 gradum3
922 1804 965 1868 sic
980 1808 1074 1870 etiam
1091 1807 1198 1874 collati
1219 1809 1280 1873 sibi
1295 1811 1423 1877 honoris

468 1907 682 1994 integritatem
704 1919 841 1984 servent,
863 1918 899 1970 ut
919 1905 1053 1970 aliorum
1073 1929 1135 1973 non
1151 1909 1295 1976 minuant
1318 1912 1424 2000 digni·

468 2023 585 2074 tatem:
616 2007 707 2072 etsie
731 2010 854 2091 privata
876 2008 1012 2094 quisque
1035 2008 1151 2095 polleat
1175 2012 1353 2099 dignitate;
1387 2031 1422 2082 ut

470 2132 532 2174 non
547 2108 603 2172 fiat
619 2109 737 2193 injuria
749 2108 888 2193 publicoe
903 2111 1064 2194 potestati.

471 2384 552 2468 Cap.
568 2387 599 2447 8.
623 2385 675 2448 De
691 2386 1045 2472 moderationejusta'tic
1060 2395 1090 2451 et
1110 2386 1284 2452 clementia
1301 2393 1424 2472 prtnci-
1459 2459 1463 2468 ,

508 2489 573 2566 pia,
598 2503 670 2565 qao
696 2485 810 2548 debeat
835 2488 873 2548 a‘n
899 2506 934 2548 eo
957 2487 1002 2547 aa
1025 2488 1200 2552 utilitatem
1226 2490 1421 2571 Reipublicae

511 2588 751 2668 contemperari.

513 2722 690 2786 Onmunnr
705 2741 782 2806 ergo
797 2719 829 2782 in
846 2719 999 2808 principe,
1014 2722 1102 2809 quod
1119 2723 1213 2791 debet
1228 2729 1261 2793 in
1276 2729 1423 2796 omnibus

468 2824 623 2899 obtinere,
634 2845 727 2886 nemo
738 2845 813 2908 quoe
827 2845 884 2887 sua
894 2835 970 2887 sunt
979 2838 1116 2909 quaerat,
1128 2827 1182 2891 sed
1195 2852 1269 2915 qum
1278 2826 1422 2898 aliorum.

469 2928 685 2991 Veruntamen
715 2926 816 3010 ipsius
841 2926 1016 2991 affectionis
1045 2929 1169 3011 modus,
1190 2954 1256 3018 quo
1283 2937 1425 3001 caritatis

470 3027 607 3095 brachiis
637 3027 797 3114 subjectos
827 3046 864 3093 ut
893 3029 1009 3093 fratres
1039 3032 1252 3119 amplexatur,
1282 3038 1425 3103 modera-

470 3129 565 3195 tionis
586 3128 745 3195 limitibus
766 3129 940 3195 clauditur.
985 3131 1038 3197 Sic
1060 3132 1142 3197 enim
1170 3134 1284 3200 fratres
1306 3136 1423 3223 diligit,

471 3229 559 3316 quod
580 3252 701 3294 errores
721 3253 830 3294 eorum
851 3230 1082 3297 medicinaliter
1099 3234 1242 3319 corrigit,
1261 3237 1305 3299 sic
1325 3239 1358 3303 in
1371 3239 1424 3303 eis

469 3353 594 3395 carnem
620 3332 762 3416 agnoscit
787 3345 819 3396 et
846 3331 1043 3417 sanguinem,
1067 3346 1103 3397 ut
1129 3357 1165 3397 ea
1190 3336 1321 3421 spiritus
1347 3342 1424 3405 sub-

465 3431 558 3519 jiciat
572 3430 696 3497 ditioni.
743 3432 944 3497 Medicorum
969 3435 1082 3520 utique
1097 3437 1294 3503 consuetudo
1308 3452 1368 3517 est,
1385 3456 1422 3507 ut

470 3534 610 3615 morbos,
625 3556 705 3621 quos
725 3535 874 3600 lomentis
889 3549 922 3600 et
943 3535 1116 3602 levioribus
1135 3538 1299 3607 medicinis
1314 3566 1424 3611 curare

470 3648 646 3725 nequeunt,
660 3635 862 3721 gravioribus
881 3637 1047 3715 adhibitis,
1062 3638 1137 3725 igne
1157 3655 1237 3728 puta
1259 3648 1309 3709 vel
1327 3646 1422 3725 ferro,

471 3751 593 3806 curent.
648 3742 717 3805 Nec
739 3760 878 3825 unquam
902 3751 1038 3805 utuntur
1059 3742 1223 3827 gravibus,
1239 3746 1299 3811 nisi
1322 3772 1423 3834 quum

470 3842 589 3906 levium
604 3840 757 3905 beneficio
771 3839 950 3905 desiderata
964 3843 1083 3908 sanitas
1097 3843 1303 3932 desperatur:
1331 3850 1376 3915 sic
1390 3864 1422 3916 et

472 3954 612 4029 potestas
623 3964 723 4029 quum
735 3941 921 4006 inferiorum
935 3942 1011 4009 vitia
1023 3961 1188 4013 mansueta
1198 3971 1295 4017 manu
1311 3974 1424 4017 curare

472 4066 535 4109 non
550 4042 678 4119 sufficit,
692 4066 856 4130 poenarum
871 4044 1073 4110 acrimoniam
1093 4048 1204 4113 dolens
1218 4065 1301 4117 recte
1314 4054 1424 4120 vulne-

472 4146 562 4211 ribus
575 4142 728 4220 inl'undit,
743 4157 775 4208 et
791 4146 845 4230 pia
859 4145 1047 4211 crudelitate
1067 4148 1156 4215 saevit
1171 4150 1204 4213 in
1220 4152 1329 4229 malos,
1344 4153 1423 4220 dum

471 4250 628 4314 bonorum
639 4244 841 4311 incolumitas
851 4261 1052 4332 procuratur.
1079 4250 1143 4316 Sed
1154 4252 1227 4337 quis
1238 4254 1304 4319 sine
1315 4255 1424 4322 dolore

472 4349 593 4437 proprii
608 4350 750 4435 corporis
760 4350 901 4414 membra
914 4350 1014 4415 valuit
1026 4359 1216 4439 amputare?
1241 4357 1336 4423 Dolet
1348 4382 1426 4445 ergo
