<?xml version="1.0" encoding="UTF-8"?>
<!DOCTYPE html PUBLIC "-//W3C//DTD XHTML 1.0 Transitional//EN"
    "http://www.w3.org/TR/xhtml1/DTD/xhtml1-transitional.dtd">
<html xmlns="http://www.w3.org/1999/xhtml" xml:lang="en" lang="en">
 <head>
  <title>
</title>
<meta http-equiv="Content-Type" content="text/html;charset=utf-8" />
  <meta name='ocr-system' content='tesseract 3.04.00' />
  <meta name='ocr-capabilities' content='ocr_page ocr_carea ocr_par ocr_line ocrx_word'/>
</head>
<body>
  <div class='ocr_page' id='page_1' title='image "./joannissaresber12johngoog_0266.png"; bbox 0 0 3575 5575; ppageno 0'>
   <div class='ocr_carea' id='block_1_1' title="bbox 493 809 1448 889">
    <p class='ocr_par' dir='ltr' id='par_1_1' title="bbox 493 809 1448 889">
     <span class='ocr_line' id='line_1_1' title="bbox 493 809 1448 889; baseline -0.004 -14"><span class='ocrx_word' id='word_1_1' title='bbox 493 816 558 876; x_wconf 75' lang='lat'>256</span> <span class='ocrx_word' id='word_1_2' title='bbox 752 827 889 874; x_wconf 77' lang='lat' dir='ltr'>scaurus</span> <span class='ocrx_word' id='word_1_3' title='bbox 906 826 1184 874; x_wconf 77' lang='lat' dir='ltr'>sanasscnmusrs</span> <span class='ocrx_word' id='word_1_4' title='bbox 1305 809 1385 889; x_wconf 82' lang='lat' dir='ltr'>[mu.</span> <span class='ocrx_word' id='word_1_5' title='bbox 1403 829 1448 872; x_wconf 81' lang='grc' dir='ltr'>ιν.</span> 
     </span>
    </p>
   </div>
   <div class='ocr_carea' id='block_1_2' title="bbox 498 977 1504 4524">
    <p class='ocr_par' dir='ltr' id='par_1_2' title="bbox 498 977 1504 4524">
     <span class='ocr_line' id='line_1_2' title="bbox 498 977 1449 1067; baseline -0.003 -22"><span class='ocrx_word' id='word_1_6' title='bbox 498 980 576 1055; x_wconf 86' lang='lat' dir='ltr'>filio,</span> <span class='ocrx_word' id='word_1_7' title='bbox 591 981 684 1067; x_wconf 87' lang='lat' dir='ltr'>cujus</span> <span class='ocrx_word' id='word_1_8' title='bbox 698 978 958 1067; x_wconf 73' lang='lat' dir='ltr'>praevaricatione</span> <span class='ocrx_word' id='word_1_9' title='bbox 972 982 1113 1065; x_wconf 91' lang='lat' dir='ltr'>populus</span> <span class='ocrx_word' id='word_1_10' title='bbox 1129 978 1227 1042; x_wconf 87' lang='lat' dir='ltr'>lsrael</span> <span class='ocrx_word' id='word_1_11' title='bbox 1243 999 1281 1041; x_wconf 87' lang='lat' dir='ltr'>ea</span> <span class='ocrx_word' id='word_1_12' title='bbox 1294 977 1346 1042; x_wconf 92' lang='lat' dir='ltr'>die</span> <span class='ocrx_word' id='word_1_13' title='bbox 1362 977 1449 1042; x_wconf 88' lang='lat' dir='ltr'>visus</span> 
     </span>
     <span class='ocr_line' id='line_1_3' title="bbox 499 1078 1449 1168; baseline -0.006 -20"><span class='ocrx_word' id='word_1_14' title='bbox 499 1095 547 1148; x_wconf 88' lang='lat' dir='ltr'>est</span> <span class='ocrx_word' id='word_1_15' title='bbox 561 1082 724 1148; x_wconf 79' lang='lat' dir='ltr'>corruisse.</span> <span class='ocrx_word' id='word_1_16' title='bbox 753 1081 840 1146; x_wconf 78' lang='lat' dir='ltr'>‘Heli</span> <span class='ocrx_word' id='word_1_17' title='bbox 855 1104 984 1168; x_wconf 91' lang='lat' dir='ltr'>quoque</span> <span class='ocrx_word' id='word_1_18' title='bbox 1006 1081 1079 1145; x_wconf 89' lang='lat' dir='ltr'>licet</span> <span class='ocrx_word' id='word_1_19' title='bbox 1094 1092 1222 1146; x_wconf 88' lang='lat' dir='ltr'>sanctus</span> <span class='ocrx_word' id='word_1_20' title='bbox 1245 1079 1276 1144; x_wconf 94' lang='lat' dir='ltr'>in</span> <span class='ocrx_word' id='word_1_21' title='bbox 1300 1103 1332 1144; x_wconf 93' lang='lat' dir='ltr'>se</span> <span class='ocrx_word' id='word_1_22' title='bbox 1355 1078 1449 1144; x_wconf 85' lang='lat' dir='ltr'>fuisse</span> 
     </span>
     <span class='ocr_line' id='line_1_4' title="bbox 500 1181 1450 1272; baseline -0.003 -24"><span class='ocrx_word' id='word_1_23' title='bbox 500 1186 634 1272; x_wconf 81' lang='lat' dir='ltr'>legatur,</span> <span class='ocrx_word' id='word_1_24' title='bbox 649 1185 727 1269; x_wconf 89' lang='lat' dir='ltr'>quia</span> <span class='ocrx_word' id='word_1_25' title='bbox 741 1182 880 1249; x_wconf 86' lang='lat' dir='ltr'>liliorum</span> <span class='ocrx_word' id='word_1_26' title='bbox 895 1181 1036 1271; x_wconf 82' lang='lat' dir='ltr'><strong>pepercit</strong></span> <span class='ocrx_word' id='word_1_27' title='bbox 1052 1182 1148 1260; x_wconf 89' lang='lat' dir='ltr'>vitiis,</span> <span class='ocrx_word' id='word_1_28' title='bbox 1160 1204 1269 1246; x_wconf 88' lang='lat' dir='ltr'>aversa</span> <span class='ocrx_word' id='word_1_29' title='bbox 1284 1181 1359 1247; x_wconf 89' lang='lat' dir='ltr'>sella</span> <span class='ocrx_word' id='word_1_30' title='bbox 1369 1182 1450 1246; x_wconf 83' lang='lat' dir='ltr'>frac-</span> 
     </span>
     <span class='ocr_line' id='line_1_5' title="bbox 500 1283 1451 1372; baseline -0.005 -21"><span class='ocrx_word' id='word_1_31' title='bbox 500 1287 544 1351; x_wconf 88' lang='lat' dir='ltr'>tis</span> <span class='ocrx_word' id='word_1_32' title='bbox 568 1286 746 1351; x_wconf 89' lang='lat' dir='ltr'>cervicibus</span> <span class='ocrx_word' id='word_1_33' title='bbox 770 1307 931 1362; x_wconf 87' lang='lat' dir='ltr'>corruens,</span> <span class='ocrx_word' id='word_1_34' title='bbox 957 1284 1142 1372; x_wconf 77' lang='lat' dir='ltr'>exspiravit.</span> <span class='ocrx_word' id='word_1_35' title='bbox 1187 1284 1236 1348; x_wconf 89' lang='lat' dir='ltr'>Ut</span> <span class='ocrx_word' id='word_1_36' title='bbox 1262 1283 1301 1348; x_wconf 92' lang='lat' dir='ltr'>de</span> <span class='ocrx_word' id='word_1_37' title='bbox 1327 1285 1451 1348; x_wconf 89' lang='lat' dir='ltr'>caeteris</span> 
     </span>
     <span class='ocr_line' id='line_1_6' title="bbox 502 1385 1452 1475; baseline -0.004 -21"><span class='ocrx_word' id='word_1_38' title='bbox 502 1400 633 1469; x_wconf 73' lang='lat' dir='ltr'>meeum,</span> <span class='ocrx_word' id='word_1_39' title='bbox 647 1400 805 1475; x_wconf 86' lang='lat' dir='ltr'>quantum</span> <span class='ocrx_word' id='word_1_40' title='bbox 827 1409 939 1474; x_wconf 87' lang='lat' dir='ltr'>quaeso</span> <span class='ocrx_word' id='word_1_41' title='bbox 960 1387 1121 1473; x_wconf 76' lang='lat' dir='ltr'>publicam</span> <span class='ocrx_word' id='word_1_42' title='bbox 1141 1386 1305 1452; x_wconf 91' lang='lat' dir='ltr'>hominum</span> <span class='ocrx_word' id='word_1_43' title='bbox 1327 1385 1452 1463; x_wconf 85' lang='lat' dir='ltr'>dilexit,</span> 
     </span>
     <span class='ocr_line' id='line_1_7' title="bbox 501 1486 1452 1581; baseline -0.005 -26"><span class='ocrx_word' id='word_1_44' title='bbox 501 1499 534 1555; x_wconf 84' lang='lat' dir='ltr'>et</span> <span class='ocrx_word' id='word_1_45' title='bbox 556 1489 707 1576; x_wconf 85' lang='lat' dir='ltr'>quoesivit</span> <span class='ocrx_word' id='word_1_46' title='bbox 729 1486 874 1581; x_wconf 74' lang='lat' dir='ltr'>salutem,</span> <span class='ocrx_word' id='word_1_47' title='bbox 897 1489 954 1575; x_wconf 92' lang='lat' dir='ltr'>qui</span> <span class='ocrx_word' id='word_1_48' title='bbox 975 1487 1106 1575; x_wconf 91' lang='lat' dir='ltr'>proprio</span> <span class='ocrx_word' id='word_1_49' title='bbox 1125 1488 1194 1553; x_wconf 88' lang='lat' dir='ltr'>filio</span> <span class='ocrx_word' id='word_1_50' title='bbox 1214 1510 1277 1551; x_wconf 92' lang='lat' dir='ltr'>non</span> <span class='ocrx_word' id='word_1_51' title='bbox 1299 1489 1452 1574; x_wconf 85' lang='lat' dir='ltr'>pepercit,</span> 
     </span>
     <span class='ocr_line' id='line_1_8' title="bbox 504 1588 1454 1676; baseline -0.006 -20"><span class='ocrx_word' id='word_1_52' title='bbox 504 1589 559 1656; x_wconf 85' lang='lat' dir='ltr'>scd</span> <span class='ocrx_word' id='word_1_53' title='bbox 585 1612 645 1676; x_wconf 95' lang='lat' dir='ltr'>pro</span> <span class='ocrx_word' id='word_1_54' title='bbox 672 1588 763 1653; x_wconf 88' lang='lat' dir='ltr'>nobis</span> <span class='ocrx_word' id='word_1_55' title='bbox 789 1588 922 1654; x_wconf 84' lang='lat' dir='ltr'>tradidit</span> <span class='ocrx_word' id='word_1_56' title='bbox 947 1588 1050 1668; x_wconf 92' lang='lat' dir='ltr'>illum,</span> <span class='ocrx_word' id='word_1_57' title='bbox 1077 1600 1112 1654; x_wconf 95' lang='lat' dir='ltr'>ut</span> <span class='ocrx_word' id='word_1_58' title='bbox 1140 1611 1213 1674; x_wconf 87' lang='lat' dir='ltr'>quae</span> <span class='ocrx_word' id='word_1_59' title='bbox 1239 1609 1454 1653; x_wconf 84' lang='lat' dir='ltr'>merueramus</span> 
     </span>
     <span class='ocr_line' id='line_1_9' title="bbox 503 1689 1455 1776; baseline -0.006 -19"><span class='ocrx_word' id='word_1_60' title='bbox 503 1694 641 1767; x_wconf 91' lang='lat' dir='ltr'>vincula,</span> <span class='ocrx_word' id='word_1_61' title='bbox 656 1689 793 1776; x_wconf 82' lang='lat' dir='ltr'>flagella,</span> <span class='ocrx_word' id='word_1_62' title='bbox 807 1713 932 1755; x_wconf 92' lang='lat' dir='ltr'>crucem</span> <span class='ocrx_word' id='word_1_63' title='bbox 954 1690 1121 1756; x_wconf 81' lang='lat' dir='ltr'>sustineret</span> <span class='ocrx_word' id='word_1_64' title='bbox 1141 1689 1300 1770; x_wconf 90' lang='lat' dir='ltr'>immunis,</span> <span class='ocrx_word' id='word_1_65' title='bbox 1315 1702 1347 1754; x_wconf 92' lang='lat' dir='ltr'>et</span> <span class='ocrx_word' id='word_1_66' title='bbox 1365 1689 1455 1752; x_wconf 90' lang='lat' dir='ltr'>inno-</span> 
     </span>
     <span class='ocr_line' id='line_1_10' title="bbox 505 1789 1455 1876; baseline -0.007 -18"><span class='ocrx_word' id='word_1_67' title='bbox 505 1815 579 1858; x_wconf 82' lang='lat' dir='ltr'>cens</span> <span class='ocrx_word' id='word_1_68' title='bbox 612 1803 714 1856; x_wconf 89' lang='lat' dir='ltr'>morte</span> <span class='ocrx_word' id='word_1_69' title='bbox 742 1789 926 1876; x_wconf 86' lang='lat' dir='ltr'>turpissima</span> <span class='ocrx_word' id='word_1_70' title='bbox 959 1789 1188 1854; x_wconf 84' lang='lat' dir='ltr'>condemnatus</span> <span class='ocrx_word' id='word_1_71' title='bbox 1222 1801 1279 1853; x_wconf 90' lang='lat' dir='ltr'>est.</span> <span class='ocrx_word' id='word_1_72' title='bbox 1328 1791 1455 1874; x_wconf 82' lang='lat' dir='ltr'>Regum</span> 
     </span>
     <span class='ocr_line' id='line_1_11' title="bbox 506 1890 1458 1978; baseline -0.008 -17"><span class='ocrx_word' id='word_1_73' title='bbox 506 1906 648 1961; x_wconf 88' lang='lat' dir='ltr'>scrutare</span> <span class='ocrx_word' id='word_1_74' title='bbox 662 1890 837 1970; x_wconf 81' lang='lat' dir='ltr'>historiam,</span> <span class='ocrx_word' id='word_1_75' title='bbox 848 1892 891 1956; x_wconf 90' lang='lat' dir='ltr'>ad</span> <span class='ocrx_word' id='word_1_76' title='bbox 904 1892 965 1956; x_wconf 91' lang='lat' dir='ltr'>hoc</span> <span class='ocrx_word' id='word_1_77' title='bbox 977 1892 1116 1978; x_wconf 87' lang='lat' dir='ltr'>petitum</span> <span class='ocrx_word' id='word_1_78' title='bbox 1131 1914 1237 1977; x_wconf 88' lang='lat' dir='ltr'>regem</span> <span class='ocrx_word' id='word_1_79' title='bbox 1253 1914 1272 1955; x_wconf 91' lang='lat' dir='ltr'>a</span> <span class='ocrx_word' id='word_1_80' title='bbox 1287 1894 1358 1955; x_wconf 91' lang='lat' dir='ltr'>Deo</span> <span class='ocrx_word' id='word_1_81' title='bbox 1373 1890 1458 1954; x_wconf 89' lang='lat' dir='ltr'>inve-</span> 
     </span>
     <span class='ocr_line' id='line_1_12' title="bbox 505 1987 1461 2079; baseline -0.006 -19"><span class='ocrx_word' id='word_1_82' title='bbox 505 1995 584 2074; x_wconf 89' lang='lat' dir='ltr'>nies,</span> <span class='ocrx_word' id='word_1_83' title='bbox 595 2006 632 2059; x_wconf 94' lang='lat' dir='ltr'>ut</span> <span class='ocrx_word' id='word_1_84' title='bbox 643 1991 836 2079; x_wconf 71' lang='lat' dir='ltr'>praecederet</span> <span class='ocrx_word' id='word_1_85' title='bbox 850 1992 962 2056; x_wconf 83' lang='lat' dir='ltr'>faciem</span> <span class='ocrx_word' id='word_1_86' title='bbox 978 1991 1101 2078; x_wconf 90' lang='lat' dir='ltr'>populi,</span> <span class='ocrx_word' id='word_1_87' title='bbox 1116 2006 1148 2056; x_wconf 92' lang='lat' dir='ltr'>et</span> <span class='ocrx_word' id='word_1_88' title='bbox 1163 1990 1364 2076; x_wconf 73' lang='lat' dir='ltr'>praeliaretur</span> <span class='ocrx_word' id='word_1_89' title='bbox 1377 1987 1461 2055; x_wconf 87' lang='lat' dir='ltr'>bella</span> 
     </span>
     <span class='ocr_line' id='line_1_13' title="bbox 509 2081 1461 2179; baseline -0.007 -18"><span class='ocrx_word' id='word_1_90' title='bbox 509 2081 631 2171; x_wconf 86' lang='lat' dir='ltr'>eorum,</span> <span class='ocrx_word' id='word_1_91' title='bbox 659 2105 691 2158; x_wconf 91' lang='lat' dir='ltr'>et</span> <span class='ocrx_word' id='word_1_92' title='bbox 716 2093 757 2156; x_wconf 86' lang='lat' dir='ltr'>ad</span> <span class='ocrx_word' id='word_1_93' title='bbox 787 2093 1028 2158; x_wconf 87' lang='lat' dir='ltr'>similitudinem</span> <span class='ocrx_word' id='word_1_94' title='bbox 1053 2092 1198 2179; x_wconf 81' lang='lat' dir='ltr'>gentium</span> <span class='ocrx_word' id='word_1_95' title='bbox 1224 2092 1324 2157; x_wconf 89' lang='lat' dir='ltr'>totius</span> <span class='ocrx_word' id='word_1_96' title='bbox 1349 2091 1461 2179; x_wconf 90' lang='lat' dir='ltr'>populi</span> 
     </span>
     <span class='ocr_line' id='line_1_14' title="bbox 510 2194 1460 2272; baseline -0.005 -9"><span class='ocrx_word' id='word_1_97' title='bbox 510 2218 605 2263; x_wconf 87' lang='lat' dir='ltr'>onera</span> <span class='ocrx_word' id='word_1_98' title='bbox 628 2194 807 2261; x_wconf 84' lang='lat' dir='ltr'>sustineret·</span> <span class='ocrx_word' id='word_1_99' title='bbox 852 2196 916 2272; x_wconf 84' lang='lat' dir='ltr'>Qui</span> <span class='ocrx_word' id='word_1_100' title='bbox 932 2207 1037 2260; x_wconf 91' lang='lat' dir='ltr'>tamen</span> <span class='ocrx_word' id='word_1_101' title='bbox 1054 2216 1116 2260; x_wconf 88' lang='lat' dir='ltr'>uon</span> <span class='ocrx_word' id='word_1_102' title='bbox 1138 2195 1244 2260; x_wconf 81' lang='lat' dir='ltr'>fuerat</span> <span class='ocrx_word' id='word_1_103' title='bbox 1259 2195 1460 2271; x_wconf 88' lang='lat' dir='ltr'>necessarius,</span> 
     </span>
     <span class='ocr_line' id='line_1_15' title="bbox 511 2296 1462 2382; baseline -0.004 -18"><span class='ocrx_word' id='word_1_104' title='bbox 511 2298 571 2364; x_wconf 90' lang='lat' dir='ltr'>nisi</span> <span class='ocrx_word' id='word_1_105' title='bbox 586 2310 619 2364; x_wconf 88' lang='lat' dir='ltr'>et</span> <span class='ocrx_word' id='word_1_106' title='bbox 635 2296 733 2362; x_wconf 88' lang='lat' dir='ltr'>Israel</span> <span class='ocrx_word' id='word_1_107' title='bbox 747 2296 976 2382; x_wconf 83' lang='lat' dir='ltr'>praevaricatus</span> <span class='ocrx_word' id='word_1_108' title='bbox 989 2310 1070 2363; x_wconf 83' lang='lat' dir='ltr'>esset</span> <span class='ocrx_word' id='word_1_109' title='bbox 1085 2297 1117 2361; x_wconf 89' lang='lat' dir='ltr'>in</span> <span class='ocrx_word' id='word_1_110' title='bbox 1134 2296 1375 2362; x_wconf 89' lang='lat' dir='ltr'>similitudinem</span> <span class='ocrx_word' id='word_1_111' title='bbox 1389 2320 1462 2381; x_wconf 86' lang='lat' dir='ltr'>gen-</span> 
     </span>
     <span class='ocr_line' id='line_1_16' title="bbox 513 2397 1463 2483; baseline -0.004 -17"><span class='ocrx_word' id='word_1_112' title='bbox 513 2400 608 2479; x_wconf 88' lang='lat' dir='ltr'>tium,</span> <span class='ocrx_word' id='word_1_113' title='bbox 623 2411 659 2464; x_wconf 91' lang='lat' dir='ltr'>ut</span> <span class='ocrx_word' id='word_1_114' title='bbox 676 2397 747 2462; x_wconf 93' lang='lat' dir='ltr'>Deo</span> <span class='ocrx_word' id='word_1_115' title='bbox 769 2420 844 2483; x_wconf 85' lang='lat' dir='ltr'>rege</span> <span class='ocrx_word' id='word_1_116' title='bbox 865 2398 925 2463; x_wconf 87' lang='lat' dir='ltr'>sibi</span> <span class='ocrx_word' id='word_1_117' title='bbox 940 2421 1002 2463; x_wconf 90' lang='lat' dir='ltr'>non</span> <span class='ocrx_word' id='word_1_118' title='bbox 1024 2398 1187 2465; x_wconf 87' lang='lat' dir='ltr'>videretur</span> <span class='ocrx_word' id='word_1_119' title='bbox 1205 2422 1272 2464; x_wconf 90' lang='lat' dir='ltr'>esse</span> <span class='ocrx_word' id='word_1_120' title='bbox 1287 2411 1463 2464; x_wconf 85' lang='lat' dir='ltr'>contentus.</span> 
     </span>
     <span class='ocr_line' id='line_1_17' title="bbox 515 2500 1465 2587; baseline -0.006 -17"><span class='ocrx_word' id='word_1_121' title='bbox 515 2507 552 2571; x_wconf 93' lang='lat' dir='ltr'>Si</span> <span class='ocrx_word' id='word_1_122' title='bbox 576 2501 660 2566; x_wconf 90' lang='lat' dir='ltr'>enim</span> <span class='ocrx_word' id='word_1_123' title='bbox 681 2500 841 2587; x_wconf 86' lang='lat' dir='ltr'>justitiam</span> <span class='ocrx_word' id='word_1_124' title='bbox 868 2522 926 2585; x_wconf 91' lang='lat' dir='ltr'>per</span> <span class='ocrx_word' id='word_1_125' title='bbox 952 2523 985 2564; x_wconf 87' lang='lat' dir='ltr'>se</span> <span class='ocrx_word' id='word_1_126' title='bbox 1013 2501 1173 2578; x_wconf 89' lang='lat' dir='ltr'>coluisset,</span> <span class='ocrx_word' id='word_1_127' title='bbox 1199 2501 1224 2565; x_wconf 90' lang='lat' dir='ltr'>si</span> <span class='ocrx_word' id='word_1_128' title='bbox 1250 2501 1281 2564; x_wconf 94' lang='lat' dir='ltr'>in</span> <span class='ocrx_word' id='word_1_129' title='bbox 1308 2500 1465 2565; x_wconf 89' lang='lat' dir='ltr'>mandatis</span> 
     </span>
     <span class='ocr_line' id='line_1_18' title="bbox 517 2600 1466 2688; baseline -0.002 -18"><span class='ocrx_word' id='word_1_130' title='bbox 517 2603 647 2678; x_wconf 84' lang='lat' dir='ltr'>Domini</span> <span class='ocrx_word' id='word_1_131' title='bbox 677 2600 814 2666; x_wconf 89' lang='lat' dir='ltr'>fideliter</span> <span class='ocrx_word' id='word_1_132' title='bbox 839 2601 1042 2678; x_wconf 81' lang='lat' dir='ltr'>ambulasset,</span> <span class='ocrx_word' id='word_1_133' title='bbox 1068 2625 1127 2688; x_wconf 91' lang='lat' dir='ltr'>pro</span> <span class='ocrx_word' id='word_1_134' title='bbox 1156 2601 1256 2666; x_wconf 87' lang='lat' dir='ltr'>nihilo</span> <span class='ocrx_word' id='word_1_135' title='bbox 1285 2602 1466 2668; x_wconf 87' lang='lat' dir='ltr'>humiliaret</span> 
     </span>
     <span class='ocr_line' id='line_1_19' title="bbox 517 2703 1467 2791; baseline -0.004 -17"><span class='ocrx_word' id='word_1_136' title='bbox 517 2711 608 2774; x_wconf 91' lang='lat' dir='ltr'>Deus</span> <span class='ocrx_word' id='word_1_137' title='bbox 621 2704 728 2770; x_wconf 88' lang='lat' dir='ltr'>hostes</span> <span class='ocrx_word' id='word_1_138' title='bbox 747 2724 868 2781; x_wconf 89' lang='lat' dir='ltr'>eorum,</span> <span class='ocrx_word' id='word_1_139' title='bbox 883 2716 916 2769; x_wconf 93' lang='lat' dir='ltr'>et</span> <span class='ocrx_word' id='word_1_140' title='bbox 939 2726 1035 2791; x_wconf 91' lang='lat' dir='ltr'>super</span> <span class='ocrx_word' id='word_1_141' title='bbox 1053 2703 1243 2770; x_wconf 89' lang='lat' dir='ltr'>tribulantes</span> <span class='ocrx_word' id='word_1_142' title='bbox 1261 2728 1313 2769; x_wconf 89' lang='lat' dir='ltr'>eos</span> <span class='ocrx_word' id='word_1_143' title='bbox 1328 2703 1467 2770; x_wconf 88' lang='lat' dir='ltr'>mitteret</span> 
     </span>
     <span class='ocr_line' id='line_1_20' title="bbox 517 2794 1468 2895; baseline -0.005 -19"><span class='ocrx_word' id='word_1_144' title='bbox 517 2831 647 2876; x_wconf 88' lang='lat' dir='ltr'>manum</span> <span class='ocrx_word' id='word_1_145' title='bbox 658 2799 758 2883; x_wconf 89' lang='lat' dir='ltr'>suam,</span> <span class='ocrx_word' id='word_1_146' title='bbox 771 2818 808 2871; x_wconf 90' lang='lat' dir='ltr'>ut</span> <span class='ocrx_word' id='word_1_147' title='bbox 820 2805 914 2872; x_wconf 90' lang='lat' dir='ltr'>solito</span> <span class='ocrx_word' id='word_1_148' title='bbox 926 2794 1120 2873; x_wconf 49' lang='lat' dir='ltr'>Dei&#39;auxilio</span> <span class='ocrx_word' id='word_1_149' title='bbox 1131 2830 1214 2872; x_wconf 92' lang='lat' dir='ltr'>unus</span> <span class='ocrx_word' id='word_1_150' title='bbox 1225 2820 1468 2895; x_wconf 87' lang='lat' dir='ltr'>persequeretur</span> 
     </span>
     <span class='ocr_line' id='line_1_21' title="bbox 518 2910 1467 2998; baseline -0.003 -20"><span class='ocrx_word' id='word_1_151' title='bbox 518 2911 615 2992; x_wconf 90' lang='lat' dir='ltr'>mille,</span> <span class='ocrx_word' id='word_1_152' title='bbox 629 2924 661 2976; x_wconf 91' lang='lat' dir='ltr'>et</span> <span class='ocrx_word' id='word_1_153' title='bbox 676 2911 742 2976; x_wconf 93' lang='lat' dir='ltr'>duo</span> <span class='ocrx_word' id='word_1_154' title='bbox 753 2910 903 2994; x_wconf 81' lang='lat' dir='ltr'>fugarent</span> <span class='ocrx_word' id='word_1_155' title='bbox 918 2910 1026 2975; x_wconf 91' lang='lat' dir='ltr'>decem</span> <span class='ocrx_word' id='word_1_156' title='bbox 1042 2910 1150 2977; x_wconf 89' lang='lat' dir='ltr'>millia.</span> <span class='ocrx_word' id='word_1_157' title='bbox 1182 2912 1352 2998; x_wconf 88' lang='lat' dir='ltr'>Hospitem</span> <span class='ocrx_word' id='word_1_158' title='bbox 1363 2934 1467 2975; x_wconf 89' lang='lat' dir='ltr'>meum</span> 
     </span>
     <span class='ocr_line' id='line_1_22' title="bbox 518 3011 1470 3100; baseline -0.005 -20"><span class='ocrx_word' id='word_1_159' title='bbox 518 3011 737 3080; x_wconf 85' lang='lat' dir='ltr'>Placentinum</span> <span class='ocrx_word' id='word_1_160' title='bbox 762 3011 881 3076; x_wconf 88' lang='lat' dir='ltr'>dixisse</span> <span class='ocrx_word' id='word_1_161' title='bbox 906 3013 1021 3090; x_wconf 88' lang='lat' dir='ltr'>recolo,</span> <span class='ocrx_word' id='word_1_162' title='bbox 1047 3012 1151 3076; x_wconf 88' lang='lat' dir='ltr'>virum</span> <span class='ocrx_word' id='word_1_163' title='bbox 1179 3013 1293 3100; x_wconf 89' lang='lat' dir='ltr'>utique</span> <span class='ocrx_word' id='word_1_164' title='bbox 1319 3013 1470 3099; x_wconf 88' lang='lat' dir='ltr'>sanguine</span> 
     </span>
     <span class='ocr_line' id='line_1_23' title="bbox 521 3112 1470 3201; baseline -0.002 -23"><span class='ocrx_word' id='word_1_165' title='bbox 521 3134 718 3198; x_wconf 78' lang='lat' dir='ltr'>generosum,</span> <span class='ocrx_word' id='word_1_166' title='bbox 743 3112 911 3176; x_wconf 87' lang='lat' dir='ltr'>habentem</span> <span class='ocrx_word' id='word_1_167' title='bbox 941 3113 1143 3197; x_wconf 80' lang='lat' dir='ltr'>prudentiam</span> <span class='ocrx_word' id='word_1_168' title='bbox 1174 3113 1286 3180; x_wconf 90' lang='lat' dir='ltr'>mundi</span> <span class='ocrx_word' id='word_1_169' title='bbox 1311 3115 1410 3201; x_wconf 91' lang='lat' dir='ltr'>hujus</span> <span class='ocrx_word' id='word_1_170' title='bbox 1438 3114 1470 3176; x_wconf 90' lang='lat' dir='ltr'>in</span> 
     </span>
     <span class='ocr_line' id='line_1_24' title="bbox 522 3210 1473 3300; baseline -0.002 -21"><span class='ocrx_word' id='word_1_171' title='bbox 522 3214 636 3279; x_wconf 88' lang='lat' dir='ltr'>timore</span> <span class='ocrx_word' id='word_1_172' title='bbox 650 3210 793 3287; x_wconf 92' lang='lat' dir='ltr'>Domini,</span> <span class='ocrx_word' id='word_1_173' title='bbox 806 3211 867 3276; x_wconf 93' lang='lat' dir='ltr'>hoc</span> <span class='ocrx_word' id='word_1_174' title='bbox 881 3214 914 3276; x_wconf 91' lang='lat' dir='ltr'>in</span> <span class='ocrx_word' id='word_1_175' title='bbox 926 3211 1111 3279; x_wconf 87' lang='lat' dir='ltr'>civitatibus</span> <span class='ocrx_word' id='word_1_176' title='bbox 1128 3212 1229 3281; x_wconf 73' lang='lat' dir='ltr'>ltalia</span> <span class='ocrx_word' id='word_1_177' title='bbox 1240 3238 1299 3281; x_wconf 90' lang='lat' dir='ltr'>usu</span> <span class='ocrx_word' id='word_1_178' title='bbox 1314 3214 1473 3300; x_wconf 86' lang='lat' dir='ltr'>frequenti</span> 
     </span>
     <span class='ocr_line' id='line_1_25' title="bbox 521 3313 1475 3403; baseline 0 -23"><span class='ocrx_word' id='word_1_179' title='bbox 521 3314 760 3380; x_wconf 88' lang='lat' dir='ltr'>celeberrimum</span> <span class='ocrx_word' id='word_1_180' title='bbox 776 3337 854 3391; x_wconf 88' lang='lat' dir='ltr'>esse,</span> <span class='ocrx_word' id='word_1_181' title='bbox 869 3315 958 3399; x_wconf 92' lang='lat' dir='ltr'>quod</span> <span class='ocrx_word' id='word_1_182' title='bbox 976 3313 1055 3379; x_wconf 92' lang='lat' dir='ltr'>dum</span> <span class='ocrx_word' id='word_1_183' title='bbox 1070 3338 1178 3403; x_wconf 88' lang='lat' dir='ltr'>pacem</span> <span class='ocrx_word' id='word_1_184' title='bbox 1194 3316 1343 3403; x_wconf 88' lang='lat' dir='ltr'>diligunt,</span> <span class='ocrx_word' id='word_1_185' title='bbox 1359 3330 1390 3380; x_wconf 88' lang='lat' dir='ltr'>et</span> <span class='ocrx_word' id='word_1_186' title='bbox 1405 3318 1475 3403; x_wconf 88' lang='lat' dir='ltr'>jus-</span> 
     </span>
     <span class='ocr_line' id='line_1_26' title="bbox 522 3417 1476 3505; baseline -0.001 -21"><span class='ocrx_word' id='word_1_187' title='bbox 522 3418 627 3484; x_wconf 88' lang='lat' dir='ltr'>titiam</span> <span class='ocrx_word' id='word_1_188' title='bbox 649 3417 768 3498; x_wconf 89' lang='lat' dir='ltr'>colunt,</span> <span class='ocrx_word' id='word_1_189' title='bbox 781 3430 814 3481; x_wconf 91' lang='lat' dir='ltr'>et</span> <span class='ocrx_word' id='word_1_190' title='bbox 836 3418 984 3505; x_wconf 89' lang='lat' dir='ltr'>perjuriis</span> <span class='ocrx_word' id='word_1_191' title='bbox 1006 3420 1178 3499; x_wconf 91' lang='lat' dir='ltr'>abstinent,</span> <span class='ocrx_word' id='word_1_192' title='bbox 1198 3432 1296 3486; x_wconf 82' lang='lat' dir='ltr'>tantae</span> <span class='ocrx_word' id='word_1_193' title='bbox 1319 3420 1476 3486; x_wconf 88' lang='lat' dir='ltr'>libertatis</span> 
     </span>
     <span class='ocr_line' id='line_1_27' title="bbox 525 3516 1477 3607; baseline 0.002 -23"><span class='ocrx_word' id='word_1_194' title='bbox 525 3533 556 3586; x_wconf 89' lang='lat' dir='ltr'>et</span> <span class='ocrx_word' id='word_1_195' title='bbox 577 3521 664 3606; x_wconf 89' lang='lat' dir='ltr'>pacis</span> <span class='ocrx_word' id='word_1_196' title='bbox 684 3516 804 3604; x_wconf 83' lang='lat' dir='ltr'>gaudio</span> <span class='ocrx_word' id='word_1_197' title='bbox 821 3520 1043 3605; x_wconf 83' lang='lat' dir='ltr'>perfruuntur,</span> <span class='ocrx_word' id='word_1_198' title='bbox 1058 3521 1146 3607; x_wconf 90' lang='lat' dir='ltr'>quod</span> <span class='ocrx_word' id='word_1_199' title='bbox 1169 3520 1247 3586; x_wconf 89' lang='lat' dir='ltr'>nihil</span> <span class='ocrx_word' id='word_1_200' title='bbox 1269 3534 1316 3588; x_wconf 91' lang='lat' dir='ltr'>est</span> <span class='ocrx_word' id='word_1_201' title='bbox 1339 3522 1477 3603; x_wconf 91' lang='lat' dir='ltr'>omnino,</span> 
     </span>
     <span class='ocr_line' id='line_1_28' title="bbox 527 3620 1477 3711; baseline 0 -24"><span class='ocrx_word' id='word_1_202' title='bbox 527 3620 613 3711; x_wconf 88' lang='lat' dir='ltr'>quod</span> <span class='ocrx_word' id='word_1_203' title='bbox 630 3624 679 3686; x_wconf 90' lang='lat' dir='ltr'>vel</span> <span class='ocrx_word' id='word_1_204' title='bbox 694 3620 726 3685; x_wconf 91' lang='lat' dir='ltr'>in</span> <span class='ocrx_word' id='word_1_205' title='bbox 739 3620 869 3685; x_wconf 91' lang='lat' dir='ltr'>minimo</span> <span class='ocrx_word' id='word_1_206' title='bbox 880 3624 1019 3708; x_wconf 89' lang='lat' dir='ltr'>quietem</span> <span class='ocrx_word' id='word_1_207' title='bbox 1035 3646 1145 3689; x_wconf 91' lang='lat' dir='ltr'>eorum</span> <span class='ocrx_word' id='word_1_208' title='bbox 1161 3624 1330 3691; x_wconf 89' lang='lat' dir='ltr'>concutiat.</span> <span class='ocrx_word' id='word_1_209' title='bbox 1369 3627 1477 3703; x_wconf 85' lang='lat' dir='ltr'>Quum</span> 
     </span>
     <span class='ocr_line' id='line_1_29' title="bbox 526 3722 1478 3815; baseline 0.001 -27"><span class='ocrx_word' id='word_1_210' title='bbox 526 3747 602 3789; x_wconf 89' lang='lat' dir='ltr'>vero</span> <span class='ocrx_word' id='word_1_211' title='bbox 616 3722 829 3809; x_wconf 89' lang='lat' dir='ltr'>prolabuntur</span> <span class='ocrx_word' id='word_1_212' title='bbox 842 3724 884 3789; x_wconf 87' lang='lat' dir='ltr'>ad</span> <span class='ocrx_word' id='word_1_213' title='bbox 906 3725 1048 3805; x_wconf 84' lang='lat' dir='ltr'>fraudes,</span> <span class='ocrx_word' id='word_1_214' title='bbox 1063 3739 1095 3792; x_wconf 91' lang='lat' dir='ltr'>et</span> <span class='ocrx_word' id='word_1_215' title='bbox 1118 3750 1176 3815; x_wconf 88' lang='lat' dir='ltr'>per</span> <span class='ocrx_word' id='word_1_216' title='bbox 1191 3728 1292 3794; x_wconf 89' lang='lat' dir='ltr'>varias</span> <span class='ocrx_word' id='word_1_217' title='bbox 1312 3726 1478 3815; x_wconf 82' lang='lat' dir='ltr'>injustitias</span> 
     </span>
     <span class='ocr_line' id='line_1_30' title="bbox 527 3824 1479 3915; baseline 0 -22"><span class='ocrx_word' id='word_1_218' title='bbox 527 3826 664 3907; x_wconf 86' lang='lat' dir='ltr'>semitas,</span> <span class='ocrx_word' id='word_1_219' title='bbox 678 3824 867 3891; x_wconf 91' lang='lat' dir='ltr'>scinduntur</span> <span class='ocrx_word' id='word_1_220' title='bbox 889 3826 921 3889; x_wconf 93' lang='lat' dir='ltr'>in</span> <span class='ocrx_word' id='word_1_221' title='bbox 942 3841 1041 3893; x_wconf 89' lang='lat' dir='ltr'>semet</span> <span class='ocrx_word' id='word_1_222' title='bbox 1059 3828 1145 3915; x_wconf 91' lang='lat' dir='ltr'>ipsis,</span> <span class='ocrx_word' id='word_1_223' title='bbox 1162 3832 1269 3896; x_wconf 87' lang='lat' dir='ltr'>statim</span> <span class='ocrx_word' id='word_1_224' title='bbox 1289 3833 1341 3894; x_wconf 92' lang='lat' dir='ltr'>vel</span> <span class='ocrx_word' id='word_1_225' title='bbox 1360 3829 1479 3894; x_wconf 81' lang='lat' dir='ltr'>fastum</span> 
     </span>
     <span class='ocr_line' id='line_1_31' title="bbox 529 3928 1481 4017; baseline -0.002 -22"><span class='ocrx_word' id='word_1_226' title='bbox 529 3932 719 4010; x_wconf 85' lang='lat' dir='ltr'>Romanum,</span> <span class='ocrx_word' id='word_1_227' title='bbox 729 3928 780 3993; x_wconf 88' lang='lat' dir='ltr'>vel</span> <span class='ocrx_word' id='word_1_228' title='bbox 791 3928 930 3993; x_wconf 80' lang='lat' dir='ltr'>furorem</span> <span class='ocrx_word' id='word_1_229' title='bbox 945 3931 1173 4009; x_wconf 84' lang='lat' dir='ltr'>Teutonicum,</span> <span class='ocrx_word' id='word_1_230' title='bbox 1182 3932 1310 3996; x_wconf 90' lang='lat' dir='ltr'>aliudve</span> <span class='ocrx_word' id='word_1_231' title='bbox 1318 3931 1481 4017; x_wconf 83' lang='lat' dir='ltr'>flagellum</span> 
     </span>
     <span class='ocr_line' id='line_1_32' title="bbox 530 4027 1483 4120; baseline 0.005 -30"><span class='ocrx_word' id='word_1_232' title='bbox 530 4027 652 4092; x_wconf 90' lang='lat' dir='ltr'>inducit</span> <span class='ocrx_word' id='word_1_233' title='bbox 670 4030 827 4094; x_wconf 90' lang='lat' dir='ltr'>Dominus</span> <span class='ocrx_word' id='word_1_234' title='bbox 841 4053 938 4117; x_wconf 89' lang='lat' dir='ltr'>super</span> <span class='ocrx_word' id='word_1_235' title='bbox 960 4054 1025 4111; x_wconf 88' lang='lat' dir='ltr'>eos,</span> <span class='ocrx_word' id='word_1_236' title='bbox 1041 4045 1072 4097; x_wconf 90' lang='lat' dir='ltr'>et</span> <span class='ocrx_word' id='word_1_237' title='bbox 1094 4045 1259 4120; x_wconf 89' lang='lat' dir='ltr'>permanet</span> <span class='ocrx_word' id='word_1_238' title='bbox 1280 4053 1392 4094; x_wconf 89' lang='lat' dir='ltr'>manus</span> <span class='ocrx_word' id='word_1_239' title='bbox 1414 4032 1483 4117; x_wconf 87' lang='lat' dir='ltr'>ejus</span> 
     </span>
     <span class='ocr_line' id='line_1_33' title="bbox 529 4130 1481 4224; baseline 0.003 -30"><span class='ocrx_word' id='word_1_240' title='bbox 529 4142 670 4208; x_wconf 83' lang='lat' dir='ltr'>extenta,</span> <span class='ocrx_word' id='word_1_241' title='bbox 697 4130 797 4197; x_wconf 88' lang='lat' dir='ltr'>donec</span> <span class='ocrx_word' id='word_1_242' title='bbox 822 4134 883 4220; x_wconf 88' lang='lat' dir='ltr'>ipsi</span> <span class='ocrx_word' id='word_1_243' title='bbox 913 4135 954 4199; x_wconf 89' lang='lat' dir='ltr'>ab</span> <span class='ocrx_word' id='word_1_244' title='bbox 980 4134 1147 4221; x_wconf 85' lang='lat' dir='ltr'>iniquitate</span> <span class='ocrx_word' id='word_1_245' title='bbox 1176 4158 1233 4224; x_wconf 90' lang='lat' dir='ltr'>per</span> <span class='ocrx_word' id='word_1_246' title='bbox 1261 4133 1481 4220; x_wconf 74' lang='lat' dir='ltr'>poenitentiam</span> 
     </span>
     <span class='ocr_line' id='line_1_34' title="bbox 530 4232 1504 4322; baseline -0.002 -27"><span class='ocrx_word' id='word_1_247' title='bbox 530 4241 738 4297; x_wconf 78' lang='lat' dir='ltr'>revertantur.</span> <span class='ocrx_word' id='word_1_248' title='bbox 772 4232 850 4309; x_wconf 87' lang='lat' dir='ltr'>Quo</span> <span class='ocrx_word' id='word_1_249' title='bbox 860 4238 927 4300; x_wconf 92' lang='lat' dir='ltr'>solo</span> <span class='ocrx_word' id='word_1_250' title='bbox 938 4234 1076 4299; x_wconf 86' lang='lat' dir='ltr'>remedio</span> <span class='ocrx_word' id='word_1_251' title='bbox 1087 4235 1174 4322; x_wconf 89' lang='lat' dir='ltr'>apud</span> <span class='ocrx_word' id='word_1_252' title='bbox 1184 4235 1256 4300; x_wconf 89' lang='lat' dir='ltr'>illos</span> <span class='ocrx_word' id='word_1_253' title='bbox 1268 4234 1372 4299; x_wconf 90' lang='lat' dir='ltr'>omnis</span> <span class='ocrx_word' id='word_1_254' title='bbox 1382 4247 1484 4299; x_wconf 89' lang='lat' dir='ltr'>cessat</span> <span class='ocrx_word' id='word_1_255' title='bbox 1501 4288 1504 4293; x_wconf 92' lang='lat'>.</span> 
     </span>
     <span class='ocr_line' id='line_1_35' title="bbox 531 4335 1482 4424; baseline 0.001 -27"><span class='ocrx_word' id='word_1_256' title='bbox 531 4344 712 4420; x_wconf 83' lang='lat' dir='ltr'>tempestas.</span> <span class='ocrx_word' id='word_1_257' title='bbox 765 4335 950 4423; x_wconf 88' lang='lat' dir='ltr'>Adjiciebat</span> <span class='ocrx_word' id='word_1_258' title='bbox 979 4336 1071 4403; x_wconf 86' lang='lat' dir='ltr'>etiam</span> <span class='ocrx_word' id='word_1_259' title='bbox 1109 4339 1197 4424; x_wconf 91' lang='lat' dir='ltr'>quod</span> <span class='ocrx_word' id='word_1_260' title='bbox 1228 4336 1341 4402; x_wconf 87' lang='lat' dir='ltr'>merita</span> <span class='ocrx_word' id='word_1_261' title='bbox 1371 4335 1482 4422; x_wconf 93' lang='lat' dir='ltr'>populi</span> 
     </span>
     <span class='ocr_line' id='line_1_36' title="bbox 532 4435 1486 4524; baseline -0.002 -25"><span class='ocrx_word' id='word_1_262' title='bbox 532 4457 655 4501; x_wconf 88' lang='lat' dir='ltr'>omnem</span> <span class='ocrx_word' id='word_1_263' title='bbox 678 4448 833 4501; x_wconf 87' lang='lat' dir='ltr'>evacuant</span> <span class='ocrx_word' id='word_1_264' title='bbox 855 4436 1083 4524; x_wconf 89' lang='lat' dir='ltr'>principatum,</span> <span class='ocrx_word' id='word_1_265' title='bbox 1097 4450 1154 4503; x_wconf 88' lang='lat' dir='ltr'>aut</span> <span class='ocrx_word' id='word_1_266' title='bbox 1177 4461 1249 4503; x_wconf 89' lang='lat' dir='ltr'>eum</span> <span class='ocrx_word' id='word_1_267' title='bbox 1272 4435 1394 4500; x_wconf 83' lang='lat' dir='ltr'>faciunt</span> <span class='ocrx_word' id='word_1_268' title='bbox 1417 4456 1486 4497; x_wconf 89' lang='lat' dir='ltr'>esse</span> 
     </span>
    </p>
   </div>
   <div class='ocr_carea' id='block_1_3' title="bbox 0 0 1845 5575">
    <p class='ocr_par' dir='ltr' id='par_1_3' title="bbox 0 0 1845 5575">
     <span class='ocr_line' id='line_1_37' title="bbox 0 0 1845 5575; baseline 0 0"><span class='ocrx_word' id='word_1_269' title='bbox 0 0 1845 5575; x_wconf 95' lang='lat' dir='ltr'> </span> 
     </span>
    </p>
   </div>
  </div>
 </body>
</html>
