3575 5575
331 792 404 838 cnr.
420 775 505 855 xva]
674 791 927 838 ronrcnnrrcus.
1243 782 1284 841 87

330 944 507 1023 victoriam,
536 964 671 1028 regnum
702 955 734 1007 et
762 943 934 1029 imperium
965 943 1085 1010 Christi
1115 967 1182 1009 esse
1211 966 1281 1031 per·

332 1046 449 1110 sonuit.
484 1049 601 1110 Verum
619 1044 696 1131 quia
706 1044 781 1108 duae
790 1045 902 1130 primae
917 1044 1034 1130 speeies
1050 1047 1179 1110 omnino
1194 1067 1283 1111 vanae

330 1160 415 1223 sunt,
428 1157 460 1212 et
474 1149 506 1211 in
522 1145 690 1233 postremis
706 1146 797 1233 quasi
807 1146 923 1212 visibili
940 1147 1042 1234 specie
1054 1148 1171 1214 veritas
1185 1151 1285 1214 menti

329 1251 480 1324 occurrit,
495 1247 644 1324 mediam,
660 1269 732 1333 quae
753 1248 878 1335 corpori
898 1249 1041 1315 veritatis
1060 1249 1153 1336 quasi
1175 1250 1282 1314 velum

332 1350 508 1435 figurarum
524 1348 692 1436 oppandit,
708 1349 893 1434 diligentius
908 1354 1108 1438 exequimur.

335 1579 415 1661 Cap.
435 1575 483 1640 16.
508 1578 679 1640 Generum
691 1577 840 1657 quaedam
855 1579 894 1640 de
907 1578 1208 1660 signiyicotionibua
1221 1588 1288 1642 tam

463 1680 669 1754 somniorum,
684 1697 782 1758 quam
796 1679 1152 1762 aliorumfiguralium.

382 1843 452 1906 Esr
476 1840 586 1925 itaque
609 1851 673 1904 tam
697 1838 736 1901 ad
760 1839 1053 1926 interpretationem
1081 1841 1288 1920 somniorum,

337 1965 436 2023 quam
474 1941 514 2005 ad
551 1939 772 2005 revelationem
801 1941 1008 2025 aenigmatum
1038 1955 1070 2006 et
1100 1941 1289 2027 figurarum,

337 2043 479 2108 sollerter
507 2041 701 2107 attendenda
730 2064 836 2106 rerum
867 2043 1067 2127 significatio,
1096 2068 1171 2130 quae
1201 2057 1290 2110 tanto

338 2144 540 2230 multiplicior
566 2157 613 2208 est
641 2166 738 2229 quarn
765 2166 893 2219 vocum,
919 2158 1042 2229 quanto
1071 2147 1112 2211 ab
1139 2146 1290 2234 operibus

337 2260 472 2324 naturae,
489 2268 587 2333 opera
608 2245 781 2311 vincuntur
803 2247 933 2311 artificis
956 2247 1110 2312 imitantis
1132 2262 1288 2313 naturam.

340 2348 373 2411 Si
396 2347 469 2432 quis
491 2350 574 2411 enim
592 2369 694 2410 sermo
718 2359 781 2410 tres
803 2358 859 2410 aut
882 2361 1024 2432 quatuor
1048 2349 1146 2415 habet
1171 2350 1291 2437 signifi-

336 2448 487 2527 cationes,
511 2449 619 2513 statim
638 2446 799 2530 πολύσημος
821 2460 880 2528 est,
896 2447 929 2511 id
951 2460 1014 2526 est,
1035 2449 1207 2516 multarum
1229 2452 1291 2538 sig-

338 2550 565 2616 nificationum.
611 2550 723 2613 Omnis
745 2571 820 2616 vero
845 2571 906 2631 res,
929 2563 1008 2636 quot
1033 2551 1130 2617 habet
1155 2552 1289 2618 aliarum

335 2652 573 2726 similitudines,
589 2663 637 2716 tot
658 2649 740 2736 gerit
755 2650 927 2714 earundem
951 2653 1214 2736 significationes;
1246 2653 1292 2719 ita

338 2768 455 2832 tamen,
471 2762 508 2818 ut
522 2754 622 2838 major
637 2773 801 2836 nunquam
818 2751 948 2815 minoris
963 2752 1003 2816 sit
1019 2753 1155 2838 signum.
1194 2756 1293 2839 Signa

338 2855 498 2942 siquidem
520 2876 643 2939 semper
662 2852 784 2916 minora
805 2865 890 2917 sunt.
931 2852 1012 2917 Inde
1027 2866 1073 2920 est
1089 2855 1177 2942 quod
1193 2856 1293 2920 homi-

339 2982 411 3023 nem
427 2954 605 3022 substantia
618 2954 739 3042 quaevis
754 2955 919 3039 significat,
937 2969 1047 3043 utpote
1068 2958 1191 3045 aliquid
1206 2984 1293 3025 com·

338 3083 434 3125 mune
463 3082 536 3124 cum
562 3058 711 3122 omnibus
739 3058 919 3139 habentem,
948 3059 1036 3145 quod
1064 3075 1097 3125 et
1126 3061 1157 3124 in
1188 3063 1293 3148 ligura

339 3158 500 3244 reptilium
531 3159 630 3235 Petri,
658 3170 692 3220 et
717 3156 749 3219 in
782 3155 928 3242 pluribus
957 3157 1034 3222 locis
1061 3160 1292 3246 scripturarum

339 3260 542 3325 manifestum
571 3271 628 3323 est.
675 3258 784 3337 Porro,
811 3282 877 3345 quo
902 3259 1079 3323 similitudo
1105 3264 1293 3349 expressior,

336 3387 376 3428 eo
390 3362 491 3449 magis
505 3371 640 3445 cognata
654 3371 686 3424 et
701 3359 887 3423 familiarior
903 3373 952 3425 est
967 3361 1167 3447 significatio.
1202 3365 1294 3429 Simi-

339 3463 445 3529 litudo
465 3485 539 3526 vero
558 3475 614 3527 aut
637 3460 854 3526 substantialis
874 3475 933 3540 est,
956 3476 991 3527 nt
1014 3487 1088 3550 quae
1108 3489 1149 3530 ex
1170 3489 1295 3551 genere,

342 3579 399 3630 aut
421 3564 540 3648 specie:
575 3575 632 3627 aut
654 3562 869 3645 accidentalis,
883 3577 940 3629 aut
962 3589 1001 3629 ex
1025 3572 1218 3652 quantitate,
1240 3583 1296 3635 ant

340 3666 510 3753 qualitate,
524 3677 580 3728 aut
603 3664 697 3727 variis
718 3665 932 3731 accidentium
954 3667 1082 3733 formis:
1113 3684 1170 3734 aut
1192 3669 1297 3735 imita-

342 3768 437 3835 tionis
447 3778 507 3845 est‚
520 3777 555 3829 ut
569 3788 670 3850 quum
682 3769 755 3851 quis
766 3765 821 3830 alii
832 3768 947 3852 quovis
959 3782 1048 3833 motu
1059 3772 1163 3856 operis
1174 3772 1298 3835 confor-

341 3884 455 3937 matur.
488 3870 534 3932 Et
549 3867 609 3932 hoe
625 3867 755 3954 quidem
772 3867 867 3931 modo
882 3883 989 3954 potest
1004 3872 1137 3935 creatori
1151 3887 1299 3940 creatura

340 3996 407 4037 esse
418 3968 601 4050 consimilis,
610 3992 711 4055 quum
725 3982 831 4035 tamen
844 3969 933 4033 nullo
945 3971 1145 4037 substantiali
1157 3976 1207 4039 vel
1218 3979 1299 4043 aeci·

339 4074 461 4139 dentali
476 4070 681 4158 participent.
713 4072 828 4135 Causae
842 4093 975 4157 quoque
990 4096 1068 4138 suus
1082 4077 1300 4143 conformatur

343 4176 488 4253 effectus,
500 4187 532 4239 et
544 4175 702 4259 reciproce
714 4196 819 4251 eausa,
832 4170 858 4237 si
873 4187 979 4239 tamen
992 4176 1094 4243 minor
1103 4193 1163 4258 est,
1174 4178 1300 4247 effectui

346 4298 405 4339 suo
421 4278 540 4341 dicitur
555 4300 621 4341 esse
637 4274 815 4341 consimilis.
855 4278 1018 4343 Caeterum
1033 4281 1182 4346 similium
1193 4306 1300 4347 rerum

345 4382 431 4444 sicut
446 4378 530 4442 idem
545 4376 719 4463 judicium,
735 4379 781 4443 ita
801 4391 833 4443 et
849 4379 958 4443 eadem
978 4394 1052 4445 nota
1070 4395 1127 4446 est,
1165 4386 1210 4447 Et
1225 4375 1302 4469 q'uia
