3575 5575
333 805 403 850 ear.
419 788 509 867 xum]
674 800 931 847 aonrcnamons.
1240 788 1281 843 57

331 966 405 1017 trua
427 976 555 1039 quoque
576 953 679 1017 varias
701 952 819 1016 habent
841 948 1095 1033 significationes.
1140 949 1176 1013 si
1198 946 1280 1011 enim

330 1054 462 1120 afferant
474 1077 699 1141 quamcunque
708 1052 850 1117 fulminis
861 1051 1034 1128 laesionem,
1043 1050 1184 1115 infausta
1195 1060 1280 1112 sunt.

331 1162 427 1231 Unde
442 1162 540 1227 illud:

401 1272 477 1342 Saepe
488 1269 585 1323 malum
595 1270 645 1323 hoo
656 1271 730 1323 nobis
744 1271 779 1337 (si
791 1284 865 1323 mens
876 1286 929 1321 non
938 1268 1005 1321 laeva
1015 1266 1125 1337 fuisset)
1149 1291 1151 1296 ·

400 1355 443 1408 De
455 1357 516 1411 cralo
526 1362 610 1408 tactas
621 1358 729 1409 memini
740 1356 879 1427 praedioere
891 1371 1010 1424 quercus.

333 1452 372 1513 In
389 1450 559 1516 bisantem
575 1464 606 1515 et
621 1450 702 1514 illud
726 1450 946 1536 perpenditur,
962 1472 1001 1512 an
1018 1447 1130 1513 semita
1150 1470 1214 1511 uua
1228 1447 1284 1511 de·

333 1551 501 1631 scenderit,
514 1573 554 1614 an
569 1552 745 1615 multifaria
766 1551 846 1615 aeris
868 1550 1017 1634 ruptione
1038 1549 1172 1613 diffusos
1194 1572 1282 1634 spar-

331 1652 407 1715 serit
422 1651 520 1734 ignes.
564 1655 638 1716 Hoc
652 1652 800 1736 equidem
817 1672 941 1736 semper
956 1650 1078 1713 tristius
1093 1663 1152 1714 est.
1194 1652 1283 1713 Dum

333 1753 431 1819 Caius
461 1755 570 1818 Caesar
598 1751 683 1815 civili
711 1751 795 1815 bello
826 1751 939 1837 patriae
967 1750 1156 1829 immineret,
1185 1772 1283 1834 quam

331 1853 523 1917 fulminosus
531 1875 584 1916 aer
596 1851 749 1931 extiterit,
758 1864 839 1936 quot
852 1850 1000 1914 habuerit
1008 1853 1118 1933 igneos
1128 1849 1282 1925 turbines,

332 1966 413 2040 quot
435 1953 542 2019 trabes
563 1952 713 2029 emiserit,
737 1974 796 2015 nec
817 1963 939 2016 veteres
960 1950 1099 2014 historiae
1122 1949 1283 2015 sufficiunt

332 2078 487 2122 enarrare.

826 2166 863 2218 at
875 2171 936 2218 lunc

437 2250 533 2318 Ignota
542 2250 659 2303 obseurae
669 2250 789 2303 viderunt
800 2251 885 2302 sidera
896 2256 994 2303 noctes.

333 2352 368 2417 Si
389 2375 465 2417 vero
485 2352 629 2416 fulminis
650 2365 755 2417 careat
779 2366 980 2439 tempestate,
995 2351 1021 2416 si
1043 2352 1159 2416 laevum
1183 2364 1284 2429 sonet,

332 2454 465 2521 deorum
491 2454 632 2519 creditur
657 2455 807 2517 nunciare
829 2454 981 2521 favorem.
1025 2457 1142 2518 AEneas
1167 2454 1283 2517 Joaem

333 2579 352 2620 a
367 2555 499 2621 sinistris
513 2568 676 2619 tonantem
691 2556 835 2632 audiens,
851 2579 883 2619 se
899 2578 971 2618 eum
994 2556 1166 2640 praemissis
1188 2555 1284 2620 sacri-

332 2654 410 2719 ficiis
423 2654 572 2739 opinatur
584 2654 701 2717 habere
715 2654 901 2739 propitium.
939 2654 1001 2717 Sed
1019 2654 1283 2738 qualitercunque

332 2754 394 2818 ista
416 2774 449 2818 se
472 2754 620 2830 habeant,
643 2754 788 2817 innatum
812 2754 957 2817 timorem
980 2753 1142 2816 hominum
1165 2754 1284 2840 poterit

332 2854 490 2938 mitigare,
509 2853 595 2939 quod
618 2875 710 2915 nemo
733 2855 846 2916 sentiet
868 2852 1013 2916 fulminis
1033 2853 1144 2930 ictum,
1161 2854 1186 2918 si
1209 2866 1282 2919 ante

333 2953 466 3017 tonitrui
479 2975 591 3016 sonum
603 2952 751 3030 audierit,
761 2966 818 3017 aut
829 2953 1013 3038 praeviderit
1024 2959 1283 3022 coruscationem.

335 3054 487 3120 Tiberius
514 3057 632 3135 Caesar,
656 3054 832 3119 turbatiore
858 3053 948 3134 coelo,
971 3055 1109 3121 lauream
1136 3080 1283 3122 coronam

332 3156 478 3240 gestabat
500 3157 533 3219 in
560 3155 677 3240 capite,
700 3155 777 3240 quia
800 3155 860 3218 hoc
881 3178 983 3239 genus
1005 3156 1126 3221 frondis
1151 3158 1284 3223 fulmine

333 3268 470 3342 negatur
495 3255 603 3320 afflari.
658 3256 818 3319 Tonitrua
844 3256 999 3342 siquidem
1027 3256 1223 3320 timidissime
1252 3271 1284 3322 et

332 3357 534 3422 vehementer
563 3380 687 3443 semper
722 3357 899 3438 exhorruit.
960 3359 1021 3423 Est
1050 3371 1156 3424 tamen
1195 3359 1283 3444 quod

332 3458 444 3544 procul
466 3459 567 3523 dubio
582 3459 675 3544 longe
691 3458 841 3522 tutiorem
857 3459 935 3522 facit
957 3459 1129 3535 hominem,
1146 3459 1171 3522 si
1188 3459 1293 3525 lidem'

332 3557 434 3620 crucis
445 3571 548 3622 servet
560 3558 592 3621 in
604 3571 743 3642 pectore,
754 3559 912 3644 justitiam
925 3559 1000 3622 fidei
1012 3573 1115 3643 gestet
1126 3561 1159 3623 in
1170 3561 1285 3647 capite,

332 3668 364 3721 et
387 3657 587 3728 salutiferum
606 3659 734 3742 signum
751 3658 824 3722 fidei
847 3683 960 3724 manus
981 3661 1130 3724 innocens
1150 3665 1228 3746 figat
1250 3663 1284 3724 in

331 3758 448 3840 fronte,
457 3759 547 3822 illum
561 3781 684 3844 semper
699 3782 766 3844 prae
778 3774 882 3824 mente
897 3760 1026 3842 habens,
1038 3766 1094 3846 qui
1106 3761 1284 3828 cultoribus

333 3860 409 3937 suis,
424 3882 548 3924 omnem
565 3861 677 3924 mundi
693 3861 835 3925 timorem
855 3862 1029 3942 excutiens,
1044 3866 1105 3926 ait:
1140 3867 1173 3925 A
1187 3864 1284 3950 signis
1347 3903 1350 3911 ·

333 3961 405 4026 coeli
420 3984 460 4024 ne
474 3962 656 4038 timueritis,
667 3985 739 4047 quae
755 3963 867 4027 timent
882 3975 1002 4047 gentes,
1015 3965 1093 4050 quia
1107 3988 1167 4050 ego
1182 3967 1285 4031 vobis-

334 4060 406 4128 cum
423 4063 581 4128 Dominus
597 4065 687 4128 Deus
703 4077 815 4130 vester.
854 4069 936 4130 Haec
952 4090 1080 4152 quoque
1092 4069 1189 4132 verba
1203 4068 1285 4134 inter

335 4166 510 4230 tonandum
526 4167 574 4230 vel
595 4167 705 4231 audita
720 4167 769 4242 vel
792 4167 889 4243 dicta,
905 4167 1089 4233 scribuntur
1111 4193 1130 4232 a
1151 4171 1285 4254 quibus-

334 4262 408 4326 dam
434 4289 548 4330 noxam
578 4267 721 4332 fulminis
751 4269 913 4333 amovisse.
968 4270 1058 4333 Nihil
1088 4283 1194 4334 autem
1224 4287 1282 4349 est,

336 4365 422 4448 quod
436 4367 674 4433 imminentibus
690 4370 797 4453 signis,
814 4371 859 4434 ita
882 4381 987 4434 totum
1003 4373 1162 4435 concutiat
1186 4373 1284 4434 homi-
