3575 5575
1002 247 1042 309 ‘²
1150 261 1213 280 ”
1428 291 1444 354 r

1044 284 1377 549 satra,

345 820 521 899 camna]
698 835 953 883 marcuarrcus.
1234 821 1298 880 208

346 1011 442 1075 quam
464 992 547 1054 inter
566 988 707 1067 amicos3
730 999 762 1052 et
775 989 860 1051 inter
878 988 1062 1065 amicoa'ac
1086 988 1113 1050 si
1135 988 1169 1050 in
1184 986 1301 1050 mediis

345 1091 490 1156 hostibus
505 1092 670 1154 viveretur.
716 1089 960 1208 Fit-{afflege-

448 1213 599 1267 Virendum
610 1217 651 1266 est
662 1218 733 1266 recte
744 1230 823 1282 quum
833 1217 938 1284 propter
949 1211 1068 1284 plurima,
1081 1219 1137 1266 tum
1148 1213 1181 1265 de
1192 1212 1235 1265 his

451 1299 586 1370 Praecipua
597 1301 691 1366 causis,
703 1306 733 1352 ut
744 1299 849 1367 linguas
860 1299 1045 1368 mancipiorum

449 1383 621 1450 Contemnes,
632 1403 695 1438 nam
706 1383 797 1452 lingua
807 1382 871 1436 mali
883 1400 943 1454 para
955 1385 1068 1455 pessima
1080 1385 1156 1438 servi.

343 1496 408 1561 Sed
419 1519 486 1559 uon
500 1498 599 1560 modo
613 1509 742 1581 propter
755 1499 881 1579 linguas
896 1518 1068 1574 servorum,
1079 1519 1189 1561 verum
1201 1519 1297 1582 prop-

346 1609 393 1661 ter
408 1597 545 1679 gladios,
560 1608 592 1661 et
608 1619 735 1662 venena
753 1609 933 1681 potentum,
949 1609 981 1660 et
1002 1598 1137 1662 insidias
1151 1599 1304 1674 omnium,

348 1709 510 1782 praecepto
526 1699 665 1782 Satyrici
681 1698 880 1782 parcendum
895 1710 952 1762 est.

349 1983 431 2065 Cap.
450 1987 499 2046 18.
526 1983 622 2051 Quod
642 1985 812 2048 vendicari
828 1992 975 2065 poscunt,
996 2005 1066 2068 que
1087 1991 1163 2048 rarrt
1185 1983 1303 2048 aciuta-

392 2083 534 2148 tionibus
548 2087 712 2171 ccquirito
719 2112 731 2157 ,·
755 2093 787 2148 et
802 2085 842 2147 de
855 2083 1036 2163 lenonibus,
1050 2091 1083 2146 et
1097 2083 1258 2162 mollibus,
1271 2093 1304 2148 et

388 2204 496 2264 poerrce
508 2204 617 2249 eoram
624 2205 638 2256 ;
654 2193 686 2248 et
697 2187 784 2269 qnod
791 2186 961 2268 pudicitia
972 2186 1102 2267 arrserri
1116 2206 1182 2248 nort
1192 2194 1301 2268 potest

391 2287 558 2366 violenter,
571 2288 638 2349 arai
651 2307 742 2350 merca
755 2289 829 2370 ipae
843 2289 1034 2350 consentiat.

392 2421 502 2489 Arour
524 2419 671 2482 adulator
696 2418 728 2480 ei
752 2439 956 2502 nequaquam
976 2438 1087 2500 parere
1108 2428 1226 2501 potest,
1248 2419 1304 2500 qui

351 2520 433 2583 nihil
448 2518 536 2584 aliud
553 2521 675 2604 quaerit,
689 2519 752 2582 nisi
766 2531 803 2583 ut
815 2521 954 2602 placcat.
999 2518 1034 2581 Si
1049 2528 1165 2602 potest,
1178 2539 1236 2603 per
1251 2540 1305 2597 se3

351 2621 400 2685 sin
418 2630 524 2684 autem
537 2642 707 2704 personam
723 2621 932 2704 suppositam,
942 2620 1057 2704 quaerit
1071 2641 1205 2683 uxorem
1216 2621 1308 2696 forte,

353 2721 488 2784 aliamve
504 2721 709 2805 conjunctam
725 2721 776 2782 rel
785 2719 871 2803 jure,
885 2721 938 2782 rel
954 2719 1133 2781 affectione.
1170 2720 1308 2783 Affectio

352 2833 461 2886 tamen
475 2824 639 2886 efficacior
657 2833 716 2901 est,
731 2843 768 2884 eo
792 2821 881 2904 quod
902 2820 943 2883 ad
963 2829 1106 2884 naturam
1122 2821 1308 2885 familiarius

353 2922 492 3001 accedit,
515 2924 643 3008 ipsique
668 2923 777 2986 unitur
801 2922 929 3002 animae,
950 2921 1104 3006 quicquid
1129 2923 1307 2988 affectionis

351 3024 472 3089 soedere
487 3026 664 3109 copulatur.
695 3025 772 3088 Non
787 3033 835 3087 est
850 3024 961 3108 utique
974 3024 1185 3108 perniciosior
1198 3046 1307 3088 assen-

352 3126 442 3205 tatio,
464 3147 562 3211 quam
585 3148 623 3191 ea
645 3149 717 3211 quae
740 3123 921 3190 affectionis
942 3125 1130 3189 inductione
1152 3126 1306 3209 procedit.

353 3224 436 3289 Inde
455 3238 505 3290 est
524 3225 613 3311 quod
635 3248 722 3311 saepe
745 3226 850 3291 mariti
872 3228 992 3291 arctius
1014 3228 1258 3311 amplectuntur,
1273 3236 1306 3291 et

353 3349 388 3391 sa
402 3326 556 3392 rivalibus
571 3330 637 3393 suis
652 3338 822 3414 exponunt
840 3330 979 3412 pleniuS,
995 3339 1026 3392 et
1040 3327 1158 3413 saepius
1173 3328 1310 3393 invitant

353 3428 395 3491 ad
417 3450 546 3493 coenam
567 3431 762 3495 matrimonii
784 3442 995 3513 corruptores,
1014 3429 1106 3512 dum,
1123 3440 1160 3495 ut
1180 3452 1308 3515 prover·

353 3528 480 3591 bialiter
494 3530 622 3608 dicitur,
637 3546 759 3597 amator
773 3534 922 3597 incautus
942 3532 1070 3616 pudicae
1086 3533 1188 3615 magis
1203 3534 1310 3610 uxori,

356 3648 452 3711 quam
466 3628 652 3694 infidelibus
673 3634 776 3696 oculis
792 3633 903 3697 credit.
949 3635 1069 3697 Nonne
1090 3635 1165 3697 satis
1180 3634 1309 3697 delusus

355 3740 415 3807 est,
437 3730 493 3813 qui
512 3732 618 3793 oculis
640 3733 706 3795 suis
727 3734 934 3796 assertionem
958 3734 1152 3810 toemineam,
1173 3755 1244 3816 quaa
1266 3755 1310 3797 ex

354 3853 393 3895 eo
408 3832 478 3895 solo
490 3830 612 3917 decipit
626 3834 778 3913 crebrius,
788 3833 876 3916 quod
889 3834 1091 3917 intercipitur
1100 3834 1211 3911 rarius,
1221 3845 1310 3899 aute·

355 3932 468 4016 ponit?
492 3934 572 3996 Pica
587 3931 747 4019 siquidem
762 3934 939 4018 pulvinaris
954 3932 1178 3999 efficacissima
1192 3946 1251 4011 est,
1267 3946 1309 4015 et,

355 4043 391 4097 ut
405 4034 472 4097 dici
488 4037 582 4114 solet,
592 4035 707 4099 cornix
722 4045 880 4124 nocturna
894 4035 1007 4118 quovis
1019 4045 1141 4100 oratore
1154 4037 1309 4118 disertior,

356 4146 388 4198 et
402 4136 560 4221 cujusque
576 4138 681 4222 operis
696 4137 821 4216 faciem,
833 4158 1035 4221 quocumque
1049 4136 1178 4201 libuerit
1192 4140 1310 4220 colore,

357 4239 461 4300 vestit.
507 4241 579 4313 Quo
595 4261 671 4323 ergo
686 4241 820 4319 cautior,
835 4261 873 4302 eo
897 4239 1075 4322 suspectior
1089 4240 1238 4304 habenda
1253 4254 1310 4305 est.

358 4338 393 4401 Si
423 4338 516 4403 dolus
546 4342 637 4406 dedit
666 4363 795 4406 causam
827 4342 1017 4419 contractui,
1047 4342 1248 4417 rescinditur,
1278 4354 1311 4407 et

357 4453 547 4505 revocantur
559 4445 676 4523 omnia,
689 4467 759 4528 quae
776 4466 817 4508 ex
833 4465 883 4520 eo,
897 4444 947 4507 vel
964 4445 1005 4506 ob
1020 4443 1054 4506 id
1069 4445 1213 4527 profecta
1228 4458 1310 4509 sunt.
