3575 5575
522 832 585 892 338
809 844 946 889 rosuurs
962 843 1239 888 srnussuurnnsrs
1351 825 1432 909 [ura.
1449 845 1478 900 v,

523 997 672 1062 Profecto
686 997 714 1062 si
730 998 761 1062 ei
775 997 917 1081 perfecte
932 995 1113 1061 crederetur
1128 997 1185 1078 qui
1200 996 1255 1074 ait,
1266 995 1386 1060 divitia
1401 1008 1478 1062 aunt

524 1100 636 1183 spinae,
665 1099 795 1162 minime
827 1108 916 1161 tanto
947 1095 1058 1161 'studio
1088 1119 1107 1160 a
1136 1097 1340 1181 sapientibus
1375 1099 1476 1161 nostri

520 1201 671 1284 temporis
708 1207 931 1284 quererentur.
989 1199 1036 1261 Ut
1072 1219 1147 1280 ergo
1185 1197 1320 1262 Publius
1350 1199 1477 1282 Carpus

522 1300 577 1378 ait,
603 1299 715 1363 divites
739 1297 935 1383 pauperibus
960 1298 1141 1362 miseriores
1166 1308 1251 1375 sunt,
1278 1319 1316 1361 eo
1345 1299 1432 1382 quod
1457 1321 1478 1362 a

523 1401 680 1484 sapientia
720 1400 849 1480 longius
886 1401 1017 1462 abeunt.
1078 1399 1254 1485 Appetitus
1296 1400 1476 1463 divitiamm

522 1502 692 1587 sapientie
709 1497 855 1565 exclusio
877 1512 936 1579 est,
958 1510 990 1564 et
1012 1501 1088 1582 suga
1116 1503 1287 1580 virtutum3
1324 1502 1476 1566 foecunda

521 1604 659 1666 virorum
684 1614 865 1686 paupertas,
888 1615 1033 1664 naturam
1061 1602 1217 1685 optimam
1238 1603 1321 1665 bene
1348 1602 1475 1665 vivendi

522 1705 638 1768 ducem
665 1704 816 1780 imitatur,
839 1712 871 1767 et
897 1702 1047 1765 virtutum
1071 1724 1199 1786 parens,
1225 1712 1258 1766 et
1280 1715 1388 1766 custos
1415 1715 1475 1781 est,

520 1807 652 1890 solaque
676 1806 875 1869 securitatem
897 1803 991 1886 parit,
1011 1826 1083 1887 quae
1102 1807 1171 1868 sola
1191 1804 1295 1868 nescit
1315 1805 1476 1870 incentiva

519 1909 686 1971 bellorum.
733 1909 808 1970 Non
823 1907 921 1969 babet
937 1905 1042 1989 jurgia
1058 1903 1111 1990 qui
1128 1905 1342 1970 contentionis
1358 1927 1472 1970 causas

517 2009 651 2090 ignorat.
696 2006 851 2090 Trepidat
872 2008 970 2084 orbis,
985 2017 1017 2070 et
1039 2008 1218 2071 Caesaream
1241 2027 1370 2070 manum
1387 2010 1474 2071 solus

517 2129 641 2190 pauper
653 2129 720 2170 non
735 2109 834 2170 timet.
886 2108 1010 2191 Utique
1033 2109 1059 2170 si
1077 2108 1118 2171 ob
1138 2107 1233 2170 aliam
1254 2128 1385 2171 causam
1404 2129 1472 2171 non

517 2209 710 2290 fugerentur,
725 2219 780 2272 aut
800 2219 1079 2272 contemnerentur
1101 2209 1233 2287 divitiae,
1249 2210 1312 2272 nisi
1327 2211 1402 2293 quia
1421 2232 1471 2274 sa·

517 2311 647 2396 pientiae
662 2312 729 2374 vias
745 2311 874 2395 sepiunt
889 2311 1001 2395 spinis,
1017 2332 1072 2374 eas
1087 2321 1267 2395 oportuerat
1281 2333 1347 2376 non
1362 2312 1470 2376 amari.

517 2413 570 2475 Ne
596 2425 703 2476 tamen
732 2413 784 2476 bis
815 2413 871 2495 qui
900 2412 1098 2497 paupertatis
1128 2414 1322 2477 erubescunt
1351 2414 1472 2478 vilitate

518 2514 710 2594 sordescere,
732 2515 999 2599 pbilosophorum
1022 2516 1063 2578 sit
1085 2516 1222 2578 molesta
1244 2515 1367 2599 opinio,
1389 2515 1471 2579 divi-

516 2616 630 2679 tiarum
654 2639 721 2680 non
746 2615 863 2679 indicit
885 2617 992 2698 fugam
1015 2616 1233 2699 philosophia,
1255 2616 1314 2680 sed
1339 2617 1467 2681 inhibet

516 2719 702 2802 appetitum.
749 2720 890 2782 Mentem
915 2717 964 2781 sui
988 2729 1171 2803 compotem
1197 2718 1319 2802 quaerit,
1343 2728 1376 2781 et
1398 2737 1469 2802 quae

515 2822 549 2883 in
573 2822 660 2886 omni
682 2822 816 2885 fortunae
839 2822 964 2885 calculo
989 2822 1126 2885 sufficiat
1148 2820 1220 2898 sibi,
1238 2822 1284 2885 ita
1305 2830 1412 2885 tamen
1435 2832 1470 2885 ut

518 2922 709 2985 sufficientia
728 2921 798 3004 ejus
820 2942 863 2983 ex
883 2923 955 2984 Deo
975 2922 1025 2985 sit.
1069 2920 1124 2985 Sic
1147 2942 1223 2984 auro
1245 2931 1399 3005 tanquam
1412 2918 1469 2987 fic·

517 3024 642 3100 tilibus3
667 3023 820 3086 fictilibus
836 3024 928 3106 quasi
943 3044 1020 3086 auro
1035 3032 1150 3087 utatur.
1188 3023 1272 3085 Nam
1289 3024 1375 3085 sicut
1390 3045 1468 3108 opes

516 3122 725 3187 admittuntur
750 3122 791 3186 ad
813 3144 919 3201 usum,
941 3123 987 3187 sic
1010 3144 1029 3186 a
1052 3124 1196 3207 sapiente
1220 3135 1468 3189 contemnuntur

515 3228 628 3289 abusu·
673 3226 739 3290 Sed
761 3226 841 3288 sorte
864 3227 1035 3309 suppellex
1059 3222 1129 3288 vilis
1152 3224 1312 3289 videbitur
1334 3225 1469 3307 ignomi-

514 3328 605 3390 niosa
625 3328 838 3409 magnatibus,
861 3339 894 3389 et
916 3327 1045 3389 honoris
1068 3325 1274 3409 splendorum
1295 3348 1345 3390 res
1364 3328 1468 3391 tenuis

514 3424 685 3487 decolorat.
744 3427 845 3508 Atqui
873 3428 970 3506 longe
1004 3426 1206 3509 praestantius
1236 3438 1296 3501 est,
1325 3428 1468 3491 moribus

513 3526 696 3611 splendere,
720 3547 815 3611 quam
842 3528 949 3605 rebuS,
972 3548 1032 3591 nec
1059 3549 1163 3591 rerum
1187 3549 1330 3612 unquam
1357 3532 1465 3613 specie

511 3630 731 3708 illustrabitur,
757 3649 853 3711 quem
883 3649 949 3692 suae
979 3628 1185 3713 turpitudinis
1211 3631 1337 3693 macula
1366 3629 1466 3695 deho-

513 3744 629 3797 nestat.

619 3848 756 3903 Fictilibus
768 3865 885 3901 coenasse
897 3847 983 3901 ferunt
995 3846 1160 3915 Agathoclea
1171 3864 1270 3915 regem,

688 3934 777 4002 Atque
788 3934 899 3986 abacum
911 3933 1000 3986 Samio
1011 3950 1081 4004 saepe
1093 3950 1214 3985 onerasse
1225 3932 1291 3986 luto.

618 4018 729 4071 Fercula
739 4019 878 4085 gemmatis
889 4036 969 4087 quum
981 4023 1087 4090 poneret
1094 4030 1177 4071 ¹aurea
1188 4018 1267 4081 rasis,

686 4103 723 4153 Et
733 4105 854 4156 misceret
865 4121 937 4173 opes,
950 4105 1148 4175 pauperiemque
1160 4102 1246 4167 simul,

617 4186 753 4249 Quaerenti
765 4203 869 4238 causam
881 4190 1029 4259 respondit:
1057 4190 1119 4241 Rex
1132 4207 1181 4257 ego
1192 4190 1236 4258 qui
1248 4205 1305 4241 sum

686 4271 793 4337 Siciliae,
804 4270 886 4339 figulo
898 4290 955 4327 sum
968 4276 1085 4341 genitore
1098 4280 1179 4328 satus.

615 4362 757 4413 Fortunam
769 4365 917 4413 reverenter
928 4360 1006 4425 habe,
1019 4361 1164 4430 quicunque
1175 4366 1282 4431 repente

683 4446 766 4499 Dives
778 4446 812 4499 ab
824 4446 888 4500 exili
900 4447 1066 4519 progrediere
1079 4447 1163 4499 domo.
