3575 5575
480 806 544 868 266
738 817 875 862 soanrus
888 814 1171 860 sanasnnrunums
1310 797 1392 876 [nin.
1408 817 1437 862 r.

484 968 642 1055 depictus,
659 967 840 1043 Pontifices,
861 970 1022 1051 Augures,
1046 977 1078 1030 et
1093 964 1343 1034 sacerdotiorum
1359 965 1438 1035 rarii

484 1069 577 1146 ritus,
593 1067 713 1154 quibus
732 1068 778 1133 ita
799 1066 975 1133 barbariem
996 1065 1176 1150 occupavit,
1198 1077 1235 1132 ut
1256 1066 1298 1132 ab
1313 1064 1439 1151 injuriis

484 1182 708 1256 temperarent,
722 1169 913 1238 feriarentur
929 1169 971 1234 ab
991 1169 1099 1245 armis,
1110 1165 1268 1251 justitiam
1284 1167 1436 1244 colerent,

485 1285 517 1339 et
537 1270 660 1342 civilem
681 1270 742 1336 sibi
761 1270 896 1335 invicem
919 1267 1119 1354 impartirent
1138 1267 1309 1340 affectum
1333 1290 1437 1353 eoque

483 1373 623 1440 ferocem
642 1371 765 1454 redegit
788 1369 957 1455 populum,
979 1381 1015 1434 ut
1030 1367 1213 1453 imperium,
1235 1368 1324 1454 quod
1339 1368 1370 1431 vi
1387 1371 1436 1449 (ut

486 1467 618 1547 dicitur)
641 1480 674 1533 et
698 1466 817 1552 injuria
839 1477 1062 1550 occupaverat,
1088 1465 1224 1550 justitie
1254 1478 1286 1530 et
1309 1465 1438 1551 pietatis

487 1569 614 1657 legibus
638 1566 772 1636 feliciter
790 1567 994 1652 gubernaret.
1039 1566 1102 1630 Sed
1129 1566 1208 1652 quid
1224 1567 1353 1652 profero
1368 1571 1437 1634 Nu-

488 1691 689 1756 mom,quum
699 1682 732 1734 et
741 1681 848 1754 patres
857 1668 933 1736 fidei
943 1680 1070 1746 notrae,
1078 1671 1192 1735 veteris
1201 1667 1279 1751 legis
1289 1668 1440 1736 secmficia

487 1784 628 1838 asserant
649 1770 807 1848 instituta,
829 1792 869 1834 ne
890 1771 924 1833 in
946 1769 1175 1838 demoniorum
1198 1769 1438 1856 cultupopulus

487 1887 675 1958 occupatus,
686 1894 768 1948 rerae
779 1870 940 1956 religionis
950 1870 1124 1940 dedisceret
1137 1871 1271 1952 cultum,
1281 1872 1346 1940 ritu
1361 1895 1438 1956 gen·

490 1974 570 2042 tium
586 1973 738 2042 sacrificia
760 1996 818 2040 sna
832 1972 1000 2042 demoniis
1023 1972 1197 2049 immolans,
1220 1987 1252 2044 et
1267 1996 1327 2038 non
1345 1977 1437 2040 Deo?

490 2073 617 2142 Colitur
627 2097 704 2160 ergo
715 2078 817 2156 Deus,
832 2088 889 2142 aut
901 2074 1017 2144 affeetu
1033 2073 1160 2148 inentis,
1172 2088 1228 2140 aut
1243 2074 1438 2143 exhibitione

489 2174 603 2262 operia.
640 2176 704 2244 Sed
718 2181 853 2246 affectus
865 2175 1044 2244 dilectionis
1067 2176 1170 2262 ipsum
1196 2199 1274 2262 pure
1297 2176 1439 2264 attingit,

491 2277 563 2346 licet
575 2277 684 2364 siquo
692 2300 785 2346 sensu
793 2277 1206 2363 corporisvelanimae,durn
1218 2280 1438 2365 peregrinatur

490 2402 510 2447 a
530 2378 681 2456 Domino,
697 2393 728 2444 et
744 2401 831 2448 meos
846 2378 928 2446 mole
942 2379 1083 2465 corporis
1099 2395 1331 2465 pregravatur,
1346 2379 1438 2466 plene

490 2492 628 2565 nequeat
638 2479 880 2564 comprehendo
897 2493 929 2549 et
943 2494 1028 2546 certe
1039 2505 1077 2544 eo
1088 2495 1212 2549 amatur
1223 2482 1397 2559 ardentius,
1405 2496 1439 2552 et

491 2579 665 2650 studiosius
679 2581 844 2666 quaeritur,
858 2605 926 2666 ouo
946 2583 1083 2649 altitudo
1104 2596 1137 2648 et
1151 2584 1344 2653 immensitas
1358 2583 1439 2652 divi-
1472 2647 1475 2652 .

491 2681 605 2750 tiaram
627 2683 779 2764 potentia
802 2695 835 2749 et
855 2683 1019 2768 sapientias
1045 2706 1111 2752 suae
1133 2706 1257 2754 omnem
1284 2699 1439 2772 exuperat

491 2784 701 2856 intellectum:
733 2784 854 2857 virtute
876 2802 982 2855 umen
1006 2800 1095 2855 tanta
1118 2810 1241 2857 omnem
1263 2802 1438 2859 creaturam

490 2886 649 2966 circumit,
662 2901 819 2973 penetrat,
832 2889 957 2975 implet,
971 2901 1003 2957 et
1018 2891 1170 2974 protegit.
1187 2904 1223 2957 ut
1238 2914 1439 2977 nequaquam

491 2986 590 3055 latere
601 2986 704 3052 valeat
715 2988 891 3073 quamlibet
904 2989 1121 3059 rationabilem
1137 3005 1324 3061 creaturam.
1363 2994 1440 3079 lpse

491 3109 622 3173 quoque
647 3088 875 3159 irrationabilia
897 3091 1003 3175 ipsum
1031 3113 1109 3170 esse,
1130 3105 1162 3157 et
1186 3092 1282 3159 talem
1307 3116 1384 3170 esse,
1407 3110 1439 3161 et

491 3201 629 3266 tantum,
644 3191 792 3275 plurimis
804 3190 928 3261 indiciis
950 3204 1175 3277 protestantur·
1224 3194 1311 3261 Miro
1329 3197 1439 3280 itaque

491 3291 587 3359 modo
602 3292 645 3359 sio
656 3293 897 3379 intelligentiam
912 3292 960 3363 sui
972 3294 1125 3371 infundit,
1138 3309 1174 3361 ut
1190 3296 1371 3363 subtrahat:
1396 3296 1440 3363 sio

492 3389 664 3468 subtrabit,
681 3405 717 3457 ut
731 3393 889 3470 infundet,
905 3407 938 3463 et
954 3395 1127 3463 secundum
1151 3416 1329 3463 mensuram
1345 3396 1440 3463 bene·

493 3490 603 3576 placiti
615 3496 663 3561 sui
676 3492 721 3559 sic
731 3506 883 3579 operatur
897 3496 930 3562 in
943 3495 1088 3580 singulis,
1099 3508 1134 3563 ut
1143 3517 1243 3579 quum
1256 3496 1442 3566 intensionis

492 3604 525 3662 et
548 3594 740 3665 remissionis
755 3594 838 3663 vices
858 3596 996 3681 ignoret,
1018 3596 1075 3666 etsi
1098 3619 1158 3666 non
1182 3619 1239 3682 per
1261 3598 1440 3674 essentiam,

492 3719 558 3782 qua
582 3719 710 3767 omnem
735 3697 837 3785 replet
864 3698 1064 3767 uniformiter
1089 3712 1276 3776 creaturam,
1299 3698 1371 3785 plus
1393 3700 1442 3769 vet

493 3800 599 3869 minus
613 3800 760 3871 rideatur
771 3801 873 3868 inesse
884 3800 1097 3886 pergratiam.
1136 3805 1220 3871 Nam
1233 3824 1289 3892 per
1301 3800 1445 3869 unionem

493 3905 525 3969 in
536 3907 605 3969 eolo
616 3903 781 3987 unigenito
791 3902 923 3987 uirginis
934 3902 1000 3971 lilio
1011 3925 1078 3968 esse
1090 3902 1227 3973 fideliter
1237 3902 1443 3988 approbatur.

493 4001 555 4067 Est
569 4002 679 4086 itaque
692 4025 778 4069 nunc
791 4004 885 4088 quasi
900 4002 1027 4087 singule
1041 4006 1073 4068 io
1092 4003 1226 4087 singulis
1248 4002 1390 4079 iuturus,
1405 4014 1442 4073 ut

422 4107 444 4195 ἧς
492 4098 731 4184 scriptumest,
756 4103 863 4170 omnia
886 4105 919 4169 in
945 4102 1094 4171 omnibus
1119 4102 1235 4170 electis.
1288 4106 1333 4173 Et
1361 4102 1442 4171 scut

425 4203 443 4285 ζ’
492 4213 608 4270 natura
632 4200 725 4284 ignis,
747 4201 915 4273 collatione
946 4216 1051 4273 tamen
1079 4202 1212 4289 dispari,
1238 4202 1443 4288 quoniamst

424 4303 429 4357 i
490 4301 573 4371 nibil
596 4314 700 4387 potest
722 4302 864 4387 pariliter
883 4303 1105 4390 compareris
1128 4305 1192 4375 sole
1215 4304 1365 4385 diversos,
1385 4328 1444 4391 pro

490 4423 660 4488 corporum
685 4401 881 4479 diversitate,
900 4403 1049 4488 producit
1074 4404 1222 4471 effectus:
1256 4404 1299 4469 sic
1324 4404 1378 4469 illa
1400 4405 1442 4486 (si
