3575 5575
509 812 573 870 ala
768 821 903 867 JOANNIS
919 821 1199 867 sanssnnarnrsrs
1311 806 1393 885 [nm.
1411 825 1461 870 111.

514 997 623 1039 earnm
638 973 799 1036 interdum
813 994 911 1036 manu
926 971 1099 1051 conferens,
1112 971 1320 1038 discernebat.
1358 977 1467 1049 Quum

515 1098 592 1159 ergo
602 1073 732 1139 Caecilio
743 1073 854 1151 inrito,
865 1097 932 1137 rem
946 1087 981 1138 nt
997 1074 1115 1139 faceret
1130 1073 1267 1140 Senatus
1277 1075 1466 1140 auctoritate

514 1176 745 1257 denunciasset,
760 1188 796 1239 ut
811 1175 841 1238 ei
863 1175 1030 1240 videbatur
1051 1175 1213 1261 injustam,
1230 1177 1330 1250 Ante,
1352 1176 1469 1262 inquit,

514 1278 677 1344 satiaberis
695 1277 885 1362 margaritis.
929 1281 973 1341 At
994 1277 1062 1340 haec
1082 1277 1165 1341 forte
1179 1290 1235 1343 aut
1258 1278 1361 1342 aliena
1381 1277 1469 1341 vide-

513 1382 646 1459 buntur,
660 1398 694 1446 et
714 1404 785 1467 qnae
801 1380 861 1444 viri
883 1380 975 1444 fortis
989 1380 1112 1445 animus
1133 1380 1297 1446 honestius
1317 1380 1467 1446 dissimu-

513 1488 602 1549 laret.
648 1484 766 1547 Verum
789 1496 821 1548 et
835 1482 948 1547 famosi
970 1481 1069 1546 libelli
1092 1481 1132 1546 de
1148 1505 1186 1546 eo
1206 1482 1315 1569 scripti
1331 1493 1416 1558 sunt,
1432 1494 1464 1547 et

509 1585 668 1672 jocularia
690 1584 829 1649 carmina
853 1583 885 1648 in
909 1606 983 1647 eum
1008 1582 1136 1669 publice
1156 1583 1336 1669 divulgata,
1357 1596 1394 1648 ut
1417 1596 1464 1649 est

511 1684 592 1750 illud
609 1684 747 1752 militum
761 1685 795 1747 in
811 1683 975 1769 triumpho
991 1682 1115 1749 Gallico
1130 1683 1335 1762 celebratum,

619 1839 720 1892 Gelbes
732 1839 821 1891 Gaesar
832 1838 944 1906 subegit,
957 1837 1117 1889 Nicomedes
1129 1836 1269 1902 Caesarem,

618 1925 777 1979 Nicomedes
786 1943 838 1977 non
849 1924 991 1996 triumphat
1002 1925 1046 1993 qui
1057 1924 1162 1992 subegit
1174 1923 1314 1978 Gaesarem.

513 2076 565 2144 Eo
574 2070 662 2156 quod
675 2068 863 2133 Nicomedes
875 2071 947 2132 Rex
960 2069 1122 2155 Bithyniae
1134 2072 1291 2136 Caesarem
1302 2070 1464 2135 serebatur

512 2187 627 2259 stupro
650 2170 822 2256 subegisse,
845 2169 878 2234 in
907 2171 1087 2235 ulteriorem
1113 2171 1358 2237 familiaritatem
1385 2171 1464 2237 dum

509 2274 621 2362 junior
635 2283 716 2338 esset
736 2271 921 2336 admissum.
966 2273 994 2336 F
996 2273 1165 2338 acilitatem
1185 2296 1315 2360 quoque
1331 2273 1466 2340 Caesaris

513 2379 545 2442 in
558 2374 704 2461 augendo
717 2375 835 2439 Senatu
846 2375 958 2441 Cicero
969 2374 1063 2438 nimis
1075 2378 1190 2440 acriter
1199 2388 1230 2439 et
1241 2374 1345 2462 palam
1355 2375 1464 2446 irrisit.

513 2477 600 2542 Nam
619 2497 718 2562 quum
738 2475 779 2540 ab
799 2475 926 2561 hospite
944 2498 1001 2538 suo
1021 2479 1057 2541 P.
1080 2475 1203 2540 Manlio
1228 2489 1404 2562 rogaretur,
1429 2489 1466 2544 ut

512 2577 661 2666 privigno
683 2600 741 2640 suo
764 2575 1004 2640 decurionatum
1029 2577 1208 2662 expediret,
1232 2578 1277 2642 ait
1302 2578 1465 2643 assistente

510 2681 703 2767 frequentia,
715 2677 827 2743 Mmae
842 2677 869 2740 si
882 2677 933 2748 vis¹
943 2677 1085 2754 habebit,
1095 2678 1254 2765 Pompeiis
1269 2677 1394 2743 difficile
1405 2692 1464 2748 est.

513 2782 578 2848 Sed
594 2794 626 2847 et
645 2781 678 2846 in
694 2778 841 2867 Epistola
862 2778 903 2843 ad
921 2780 960 2844 C.
976 2779 1121 2845 Cassium
1144 2779 1331 2845 violatorem
1354 2780 1464 2847 Dicta-

511 2884 593 2949 toris
611 2882 790 2947 mordacius
810 2880 953 2967 scripsit:
986 2880 1105 2945 Vellem
1128 2879 1244 2945 Idibus
1266 2882 1393 2947 Martiis
1414 2906 1465 2949 me

510 2985 554 3050 ad
566 3004 687 3048 coenam
699 2984 876 3059 invitasses,
886 2982 1028 3069 profecto
1038 2981 1243 3067 reliquiarum
1255 2982 1334 3047 nihil
1346 2982 1467 3069 fuisset,

511 3108 598 3152 nuno
624 3108 674 3149 me
699 3084 841 3170 reliquiae
866 3097 982 3149 vestrae
1007 3096 1166 3149 exercent.
1212 3086 1273 3149 Sed
1298 3089 1467 3172 Augustus

513 3189 650 3252 sortunae
671 3186 772 3262 favor,
795 3200 828 3251 et
850 3185 996 3249 Romani
1015 3187 1112 3249 decus
1139 3186 1284 3272 Imperii,
1306 3188 1465 3253 avunculo

513 3314 572 3356 suo
585 3294 607 3356 J
609 3290 675 3353 ulio
688 3289 783 3373 longe
797 3287 969 3373 patientior
983 3287 1101 3351 extitit.
1146 3288 1254 3363 Quum
1269 3288 1352 3351 enim
1367 3294 1467 3353 Anto.

513 3390 585 3455 nius
599 3401 771 3465 maternam
792 3392 861 3475 ejus
879 3390 1034 3473 originem
1057 3388 1243 3475 despiciens,
1258 3412 1331 3453 eum
1350 3390 1466 3457 Afrum

508 3516 639 3581 genere,
655 3506 689 3557 et
711 3505 825 3557 natura
847 3492 1020 3578 panificum
1040 3492 1170 3573 diceret,
1186 3491 1248 3557 hoc
1269 3492 1376 3559 ridens
1397 3516 1466 3580 per-

515 3596 601 3674 tulit,
614 3608 647 3660 et
667 3595 802 3659 eundem
822 3617 929 3659 sorore
951 3594 1070 3659 tradita
1092 3594 1124 3658 in
1147 3594 1308 3661 affinitatis
1329 3598 1464 3682 gratiam

507 3698 651 3765 admisit.
675 3699 782 3775 Quum
793 3719 866 3759 vero
874 3697 958 3760 idem
970 3697 1122 3761 adversus
1133 3698 1294 3784 privatum
1307 3700 1466 3785 quendam

514 3804 645 3886 gravius
656 3798 909 3875 excandesceret,
920 3803 1078 3885 Loquere,
1094 3799 1211 3886 inquit,
1222 3805 1368 3885 Anguste
1379 3802 1467 3885 quod

512 3903 628 3988 placet,
638 3902 715 3988 quia
725 3899 922 3986 diligentiam
934 3900 1078 3981 auribus,
1088 3901 1207 3987 linguae
1218 3900 1467 3971 taciturnitatem

513 4002 625 4079 indixi,
640 4004 779 4090 quietem
795 4002 954 4080 manibus,
970 4016 1002 4067 et
1017 4002 1049 4066 in
1067 4003 1215 4065 omnibus
1229 4000 1278 4064 his
1292 4002 1467 4085 potentiam

501 4120 600 4169 ,tuam
617 4125 741 4178 accusa,
757 4103 831 4188 quia
845 4102 925 4167 nihil
939 4101 1027 4167 aliud
1041 4101 1131 4185 argui
1147 4113 1252 4187 potest
1266 4102 1299 4165 in
1315 4102 1468 4186 patientia

512 4228 594 4269 mea.
638 4204 688 4269 Ad
710 4203 779 4269 haec
798 4226 861 4267 non
881 4204 977 4268 modo
997 4204 1030 4266 in
1051 4225 1083 4265 se
1105 4202 1251 4267 servabat
1268 4202 1467 4288 patientiam,

513 4307 567 4373 sed
580 4307 710 4370 eandem
724 4303 793 4369 aliis
803 4304 971 4378 indicebat.
1003 4302 1098 4369 Unde
1110 4325 1210 4388 quum
1226 4302 1374 4367 Tiberius
1389 4328 1468 4390 que-

514 4422 638 4481 reretur
653 4430 710 4495 per
723 4406 890 4493 epistolam
905 4428 1006 4482 suam,
1019 4403 1106 4494 quod
1122 4406 1216 4471 multi
1231 4405 1271 4470 de
1287 4405 1342 4473 illo
1357 4427 1468 4493 perpe-
