3575 5575
364 809 434 854 ear.
451 794 510 873 1v.]
659 838 662 843 -
719 810 977 859 marosarrcus.
1278 806 1320 863 at

366 963 420 1046 qui
435 962 467 1027 in
483 963 597 1026 avibus
612 963 686 1027 coeli
701 964 840 1029 ludunt?
878 966 926 1027 Ac
947 966 976 1028 si
996 967 1095 1030 tacita
1116 967 1319 1053 subjectione

363 1064 557 1146 pronunciet
571 1086 638 1142 eos,
653 1085 787 1148 quorum
801 1067 869 1131 rita
883 1067 982 1151 jocus
996 1078 1055 1148 est,
1069 1069 1136 1133 suis
1150 1070 1320 1135 evanuisse

364 1188 436 1229 cum
446 1167 568 1245 aribus,
579 1186 699 1249 eosque
711 1167 858 1252 subjecta
867 1169 1135 1251 pronunciatione
1146 1170 1187 1234 ad
1201 1171 1320 1234 inseres

363 1263 569 1329 descendisse
592 1279 829 1332 commemorat.
874 1269 1042 1351 Interroga
1061 1279 1169 1353 patres
1188 1280 1272 1345 tuos,
1287 1283 1319 1337 at

362 1367 604 1431 annunciabunt
615 1367 685 1446 tibi,
696 1368 833 1452 majores
848 1380 932 1446 tuos,
941 1382 974 1433 et
984 1370 1094 1435 dicent
1109 1393 1143 1435 se
1158 1392 1318 1455 nusquam

362 1478 509 1531 sanctum
531 1469 648 1549 legisse
670 1490 751 1533 vena
818 1492 860 1533 m.
906 1472 1002 1544 Quod
1027 1473 1054 1535 si
1075 1472 1199 1536 nomini
1224 1494 1318 1537 vena-

362 1577 465 1630 torum
488 1568 529 1631 de
551 1570 740 1653 prophetica
761 1573 977 1654 promissione
1000 1573 1184 1650 blandiaris,
1199 1596 1264 1657 qua
1281 1596 1317 1637 se

363 1678 530 1732 venatores
550 1670 720 1731 missurum
740 1671 903 1733 Dominus
921 1671 1101 1753 pollicetur,
1115 1672 1173 1754 qui
1193 1672 1233 1734 de
1248 1694 1317 1735 um·

362 1769 465 1831 brosis
481 1781 512 1832 et
527 1771 666 1833 excelsis
681 1779 837 1834 venentur
851 1791 1011 1849 erroneos,
1021 1770 1204 1835 bestialium
1219 1772 1318 1835 vitam

362 1868 489 1933 noveris
506 1870 674 1953 increpari,
694 1892 759 1935 nou
782 1870 1000 1934 commendari
1023 1873 1205 1935 venantium
1228 1874 1316 1936 vani-

362 1973 470 2035 tat'em.
531 1973 603 2035 Nec
633 1982 666 2036 te
696 1973 860 2050 Placidus,
890 1974 939 2035 rel
968 1974 1169 2037 Eustachius
1199 1984 1318 2057 martyr

363 2074 493 2157 quidem
511 2074 659 2155 insignis,
674 2093 770 2158 quem
790 2075 831 2138 de
852 2074 918 2158 pia,
939 2096 1006 2137 non
1028 2086 1137 2139 tamen
1160 2076 1317 2143 canonica

363 2175 521 2258 scriptura
535 2184 701 2239 venantem
718 2174 833 2239 asseris
847 2194 866 2236 n
881 2174 1025 2238 Domino
1034 2175 1210 2254 visitatum,
1221 2177 1317 2240 nimis

362 2273 552 2353 demulceat,
566 2275 629 2339 nisi
645 2277 724 2339 forte
741 2286 1005 2359 persequutorum
1019 2276 1181 2341 Ecclesiae
1195 2278 1315 2342 rabiem

361 2375 486 2454 laudas,
509 2398 549 2442 eo
576 2375 662 2460 quod
691 2375 766 2438 inde
797 2374 837 2438 ad
864 2377 1082 2458 apostolatum
1111 2388 1244 2440 vocatus
1268 2387 1318 2440 est

360 2477 491 2555 Paulus,
500 2486 533 2539 et
547 2478 629 2539 inter
639 2476 720 2540 alios
730 2476 832 2540 factus
844 2484 893 2541 est
904 2476 1052 2558 egregius
1063 2475 1222 2559 evangelii
1233 2500 1316 2562 pras·

362 2577 495 2643 dicator.
540 2578 605 2642 Sed
628 2578 746 2641 fuerint
772 2576 828 2639 viri
850 2577 1000 2652 illustres,
1023 2578 1200 2645 Alexandri
1224 2580 1314 2657 forte,

363 2682 415 2741 vel
431 2681 584 2753 Caesares,
602 2679 729 2741 venatui
745 2678 864 2753 dediti;
887 2677 1036 2760 nunquid
1051 2678 1247 2760 philosophi,
1262 2690 1317 2741 aut

363 2781 463 2865 aliqui
480 2780 641 2863 sapientes
654 2774 689 2840 in
704 2775 844 2860 populo?
872 2776 1031 2860 Nunquid
1043 2778 1202 2855 Socrates,
1211 2778 1315 2857 Plato,

363 2879 562 2955 Aristoteles,
577 2878 711 2953 Seneca,
727 2876 878 2954 Soranus,
890 2885 946 2939 aut
955 2877 1013 2959 qui
1022 2877 1121 2939 totius
1134 2898 1200 2939 non
1215 2878 1315 2954 urbis,

364 2980 422 3042 sed
444 2979 531 3043 orbis
553 2978 720 3042 evaouavit
741 2977 907 3054 miracula,
928 2978 1072 3040 omnium
1093 2978 1129 3040 in
1154 3000 1188 3044 se
1214 2977 1315 3044 admi-

361 3081 515 3145 rationem
531 3080 688 3163 sapientia
699 3089 732 3142 et
742 3079 858 3143 virtute
868 3090 1070 3158 convertens,
1081 3079 1242 3164 Archytas
1251 3080 1315 3147 Ta·

361 3179 524 3245 reatinus?
564 3183 611 3244 Ut
631 3180 797 3243 redeamus
820 3179 1021 3257 adnostros,
1043 3181 1100 3264 qui
1126 3189 1159 3244 et
1184 3182 1314 3246 veritate

361 3285 526 3362 doctrinm,
545 3284 668 3346 virtutis
689 3283 852 3367 exemplo,
870 3292 904 3344 et
923 3281 1002 3345 fidei
1022 3283 1210 3346 auctoritate
1232 3305 1315 3366 prra-

361 3389 493 3463 eellunt,
518 3406 600 3467 quos
629 3385 832 3466 Augustinos,
859 3383 1087 3466 Hieronymus,
1112 3385 1314 3463 Laurentios,

362 3488 558 3564 vincentios,
575 3507 655 3571 quos
675 3485 816 3568 donique
838 3484 879 3548 de
902 3495 968 3549 toto
991 3494 1080 3548 coetu
1096 3496 1221 3569 patrum
1237 3507 1312 3549 rex·

360 3588 480 3650 ationis
507 3581 603 3670 liujus
627 3587 756 3668 agitavit
779 3583 930 3649 insania?
968 3587 1158 3650 Nostrorum
1185 3607 1314 3670 quoque

360 3699 539 3772 temporum
566 3688 720 3750 luctuosis
742 3688 926 3751 instruimur
948 3689 1118 3770 exemplis,
1139 3687 1181 3750 ab
1203 3688 1314 3770 hujus-

360 3786 449 3850 modi
464 3783 687 3868 inquictudine
705 3795 892 3866 temperare,
907 3805 1008 3868 quum
1023 3804 1173 3866 proceres
1187 3795 1314 3849 nostros

360 3889 445 3952 inter
463 3884 645 3951 venandum
664 3885 745 3947 veris
767 3884 924 3967 variisque
943 3884 1114 3962 miraculis,
1134 3883 1314 3965 indignatio

363 3991 473 4054 divina
486 3986 689 4072 percusserit,
703 3985 935 4069 bestialemque
955 4006 1042 4068 saepe
1059 3985 1240 4049 invenerint
1257 4007 1313 4052 ex·

359 4093 440 4155 itum
453 4091 537 4168 vitae,
546 4089 603 4172 qui
613 4089 689 4152 duna
699 4087 976 4152 licuitbestialiter
984 4087 1139 4151 vixerant.
1169 4088 1315 4169 Regibus

362 4214 490 4276 quoque
513 4192 593 4276 ipsis
607 4212 723 4254 manus
745 4189 877 4252 Domini
893 4211 958 4252 non
981 4189 1137 4273 pepercit,
1152 4201 1184 4251 et
1198 4189 1232 4251 in
1248 4209 1313 4252 ma·

360 4291 461 4354 litiam
484 4313 594 4359 eorum
620 4289 816 4371 condignam
841 4300 873 4352 et
899 4288 1070 4370 gloriosam
1095 4288 1241 4352 exercuit
1265 4287 1314 4348 ul·

361 4391 489 4453 tionem.
535 4395 610 4454 Non
634 4391 785 4474 equidem
809 4411 918 4454 eorum
938 4392 1079 4467 nomina,
1094 4391 1145 4452 vel
1165 4388 1314 4469 exempla
