3575 5575
340 769 485 850 cnara]
710 785 969 835 ronrcaarrcus.
1233 771 1294 832 175

340 935 525 1002 sollicitator
539 934 689 1010 incestus,
706 944 743 999 ut
758 958 858 1022 quum
874 935 1013 1000 amicum
1029 934 1193 1000 blanditiis
1214 957 1296 1021 prae·

340 1037 526 1123 corruperit,
542 1059 631 1102 more
646 1037 880 1102 meretricantis
896 1036 1056 1102 fortunam
1073 1035 1231 1122 surripiat,
1242 1059 1297 1100 ex-

339 1151 452 1204 tenuet
463 1139 641 1218 facultates,
653 1140 759 1205 aliena
772 1140 806 1204 in
823 1163 856 1205 se
872 1150 1025 1224 congerat
1036 1139 1147 1226 spolia,
1159 1150 1193 1204 et
1203 1161 1297 1204 suum

338 1242 448 1306 omnia
467 1254 631 1307 convertat
650 1243 692 1308 ad
712 1243 847 1307 lucrum.
892 1243 1039 1308 Efficitur
1061 1265 1138 1328 ergo
1157 1241 1298 1306 utnulla

338 1343 381 1408 sit
395 1344 424 1408 ei
440 1345 575 1408 molesta
595 1344 716 1410 servilis
737 1344 977 1422 obsecundatio,
998 1345 1123 1410 nullum
1145 1344 1297 1409 indecens

339 1447 487 1512 videatur
505 1446 707 1532 obsequium,
722 1446 867 1510 omnium
888 1446 1062 1510 officiorum
1084 1469 1234 1532 personas
1249 1447 1299 1510 in·

339 1549 421 1630 duit,
444 1549 522 1613 dum
546 1549 681 1634 praemia
706 1549 850 1613 omnium
876 1547 1097 1612 fraudulenter
1122 1547 1295 1633 praeripiat.

341 1652 409 1727 Qui
423 1652 498 1716 suut
512 1651 599 1716 enim
615 1651 671 1737 qui
687 1651 827 1715 restibus
841 1650 957 1727 nitent,
972 1650 1028 1737 qui
1044 1650 1194 1733 fastigiati
1210 1649 1296 1714 ince-

340 1755 433 1831 dunt,
449 1755 505 1842 qui
519 1753 766 1840 sequipedarum
787 1751 946 1838 stipantur
960 1752 1124 1829 comitatu,
1141 1752 1298 1816 commili-

340 1857 511 1921 tonum-et
535 1854 813 1920 contubernalium
838 1853 1029 1920 dealbantur
1055 1854 1219 1940 obsequio,
1242 1854 1297 1941 qui

340 1959 451 2045 primis
476 1958 720 2024 salutationibus
742 1958 776 2021 in
799 1957 867 2022 loro
891 1957 1078 2042 gloriantur,
1100 1957 1156 2044 qui
1178 1957 1297 2042 primos

340 2061 503 2128 recubitus
522 2061 644 2126 habent
663 2062 695 2124 in
716 2061 825 2137 coenis,
849 2079 985 2147 qnorum
1004 2081 1096 2124 aures
1116 2059 1300 2124 mulcentur

341 2165 485 2230 lomento
514 2164 761 2250 praenominum,
792 2174 826 2228 at
854 2164 971 2250 quibus
1001 2159 1156 2228 nobilium
1186 2163 1299 2228 molles

342 2277 524 2332 reserantur
538 2266 705 2333 auriculae:
726 2287 806 2352 quos
820 2265 958 2330 fortunae
972 2266 1074 2350 gratia
1089 2265 1212 2330 alarum
1228 2287 1301 2330 sua·

340 2390 413 2436 rum
435 2370 571 2454 remigio
593 2369 634 2435 ad
660 2368 810 2435 sublimia
835 2368 984 2436 subvehit
1006 2380 1040 2434 et
1068 2369 1203 2448 extollit,
1226 2378 1301 2434 eta

340 2473 458 2560 quibus
473 2473 628 2560 quaelibet
642 2483 760 2555 magna
779 2467 905 2548 domus,
921 2470 1133 2556 dispositionis
1153 2491 1220 2536 suae
1236 2471 1299 2535 for·

341 2575 463 2640 mulam
478 2574 587 2651 trahit,
603 2586 637 2638 et
650 2573 796 2638 habitum
817 2572 1008 2638 mutuatur?
1045 2573 1173 2659 Nempe
1189 2573 1299 2638 adula-

341 2689 436 2756 tores,
453 2677 509 2762 qui
525 2676 666 2740 alienum
682 2675 794 2739 vivunt
808 2675 849 2738 ad
866 2686 992 2751 nutum,
1008 2674 1085 2737 dum
1102 2697 1155 2738 eos
1170 2675 1300 2739 fraudu-

341 2777 446 2841 lenter
468 2787 654 2862 emungant.
698 2774 826 2842 Veritas
844 2796 956 2861 aspera
978 2784 1036 2857 est,
1057 2786 1091 2839 et
1110 2775 1299 2862 plerumque

342 2879 521 2945 molestiam
546 2880 640 2966 parit,
665 2879 743 2944 dum
769 2878 910 2964 aliquem
942 2876 1071 2964 palpare
1097 2872 1299 2962 dedignatur.

343 2983 466 3047 Verum
482 2982 664 3047 amaritudo
678 2983 750 3068 ejus
766 2981 875 3047 utilior
890 2990 948 3059 est,
961 2992 994 3045 et
1009 2980 1140 3065 integris
1156 2980 1300 3048 sensibus

341 3086 471 3171 gratior,
494 3107 592 3172 quam
615 3084 847 3149 meretricantis
869 3082 990 3169 lingua
1017 3078 1175 3149 distillans
1199 3083 1300 3149 favus.

344 3185 484 3251 Meliora
507 3185 665 3272 siquidem
688 3196 763 3249 sunt
788 3184 923 3269 (Sancto
948 3182 1119 3248 Salomone
1145 3186 1296 3268 testante)

341 3288 436 3353 amici
457 3290 600 3365 verbera,
622 3310 719 3376 quam
739 3287 944 3353 fraudulenta
965 3286 1074 3351 oscula
1094 3286 1298 3354 blandientia.

342 3390 496 3466 Quidni?
540 3391 637 3456 Fides
665 3390 753 3455 enim
783 3389 928 3477 perfidiae
957 3411 1085 3475 semper
1114 3390 1299 3457 antefertur.

343 3495 418 3559 Non
433 3505 545 3559 manet
560 3496 640 3560 fides
657 3494 837 3571 incolumis,
853 3494 908 3558 ubi
930 3492 1018 3558 aliud
1033 3492 1147 3578 agitur,
1165 3506 1197 3557 et
1212 3494 1300 3557 aliud

342 3594 522 3674 simulatur,
552 3594 729 3679 praesertim
760 3594 867 3658 animo
897 3605 931 3657 et
959 3594 1122 3658 voluntate
1153 3595 1300 3661 nocendi.

342 3696 472 3762 Dicitur
485 3696 573 3760 enim
594 3696 684 3774 fides,
701 3696 727 3759 si
745 3696 910 3783 sequimur
933 3696 1066 3775 Stoicos,
1082 3718 1120 3760 eo
1142 3696 1228 3781 quod
1243 3696 1301 3761 fiat

341 3800 428 3887 quod
453 3798 667 3863 dictumest:
705 3797 778 3861 Lux
804 3819 888 3873 mea,
914 3784 997 3861 salus
1026 3819 1112 3875 mea,
1138 3796 1299 3880 refugium

340 3923 462 3983 meum,
474 3923 529 3965 cor
542 3922 664 3981 meum,
676 3910 711 3963 et
724 3898 790 3963 vita
805 3919 888 3978 mea,
900 3897 965 3963 dus
980 3896 1109 3973 invicte,
1123 3895 1298 3963 viventium

340 4003 583 4089 sapientissime,
613 4001 757 4067 omnium
787 3999 965 4085 largissime
996 4011 1029 4063 et
1058 3998 1300 4085 benignissime,

341 4106 469 4172 risendi
480 4107 592 4184 forma,
605 4104 730 4171 virtutis
745 4104 923 4191 speculum,
938 4114 970 4167 et
985 4115 1103 4168 caetera
1117 4102 1300 4189 hujusmodi

341 4208 523 4293 importune
538 4208 673 4292 ingesta,
689 4229 795 4271 nonne
818 4207 914 4292 plena
929 4216 1014 4287 sunt,
1029 4228 1091 4270 non
1109 4216 1174 4269 tam
1190 4205 1300 4269 adula-

342 4308 437 4373 tionis
453 4310 538 4386 vitio,
554 4332 650 4396 quarn
668 4308 817 4375 veneno?
855 4309 939 4373 Sunt
955 4308 1041 4373 enim
1063 4306 1118 4394 qui
1139 4330 1198 4371 nec
1214 4329 1300 4371 scur-

343 4411 441 4475 rantis
464 4412 604 4497 speciem
629 4412 740 4490 ritant,
766 4434 866 4498 quum
897 4410 1071 4475 amicitiam
1101 4408 1298 4493 profitentur.
