3575 5575
490 785 551 845 128
747 798 883 845 maurus
899 797 1176 845 sanusssamnsrs
1303 783 1386 865 [sta.
1402 804 1439 849 rr.

490 1037 569 1120 Cap.
593 1041 645 1100 25.
678 1036 771 1110 Quod
795 1043 1024 1116 aryumentum
1049 1059 1071 1100 a
1097 1040 1189 1120 siquo
1214 1059 1273 1102 suo
1300 1061 1369 1104 non
1394 1051 1442 1106 eat

532 1138 755 1210 necatorium,
778 1143 809 1200 et
827 1137 868 1200 de
888 1137 1044 1216 Erectio,
1066 1139 1184 1212 Achab,
1206 1146 1238 1203 et
1259 1141 1439 1216 Ninivitis,-

532 1244 562 1300 et
576 1238 661 1320 quod
673 1257 709 1302 eu
726 1259 797 1320 quc
811 1239 1052 1321 significantur,
1068 1242 1191 1302 mutari
1200 1250 1347 1322 pomum.

532 1373 601 1438 San
627 1371 710 1436 forte
739 1371 952 1437 familiaribus
977 1372 1094 1436 veritas
1118 1373 1264 1457 loquens,
1287 1380 1362 1440 Non
1392 1391 1441 1442 est

491 1486 642 1554 vestrum,
661 1478 716 1549 ait,
740 1486 776 1538 ut
798 1485 918 1537 tantam
946 1475 1191 1560 praerogativam
1217 1475 1338 1557 alienis,
1359 1491 1442 1562 puta

489 1575 737 1650 Mathematicis,
767 1586 951 1639 reservaret.
1012 1575 1104 1652 Esto,
1137 1576 1163 1639 si
1199 1587 1305 1640 tamen
1338 1577 1441 1643 fidelis

488 1677 611 1742 animus
636 1676 818 1763 acquiescit.
864 1676 926 1740 Sed
953 1691 1085 1763 quanta,
1107 1689 1146 1742 ut
1168 1678 1359 1763 praedictum
1381 1694 1441 1757 est,

488 1789 535 1840 est
550 1777 620 1842 haec
635 1776 793 1842 certitudo
809 1780 999 1862 signorum?
1033 1777 1158 1866 Nempe
1174 1800 1274 1864 quum

733 1886 810 1952 sigua
821 1889 924 1937 meatus

595 1969 741 2022 Deseruere
754 1981 822 2034 suos,

488 2093 605 2135 novum
618 2069 738 2154 aliquid
751 2068 893 2134 creditur
903 2069 1076 2134 imminere.
1116 2074 1190 2135 Non
1203 2070 1285 2135 enim
1297 2096 1438 2160 eousque

487 2174 656 2250 contendo,
679 2186 785 2238 utres
806 2195 938 2258 magnas
958 2172 1055 2237 nullis
1077 2196 1218 2258 unquam
1242 2177 1367 2241 credam
1390 2179 1436 2241 in·

487 2273 870 2362 diciispraeveniri,quum
881 2275 913 2336 in
924 2273 1036 2347 sole‚et
1046 2274 1170 2352 luuu‚et
1178 2275 1257 2361 ipsis
1265 2277 1439 2357 elementis,

487 2389 520 2442 et
541 2389 656 2442 ornatu
678 2398 800 2454 eorum,
823 2374 884 2440 vim
907 2375 1149 2460 significativam
1172 2399 1192 2439 a
1213 2379 1354 2443 Domino
1371 2402 1438 2443 esse

487 2475 662 2540 didicerim.
700 2477 861 2542 Caeterum
876 2489 976 2541 artem
991 2500 1068 2554 esse,
1084 2499 1149 2562 qua
1164 2479 1238 2564 quis
1253 2479 1437 2554 defuturis,

486 2580 527 2644 ad
548 2580 656 2643 omnia
672 2579 868 2664 interrogata
890 2599 1001 2642 verum
1022 2579 1224 2664 respondeat,
1238 2593 1295 2645 aut
1309 2581 1438 2645 omnino

484 2701 549 2746 non
578 2703 655 2760 esse,
681 2694 736 2747 aut
765 2681 908 2745 noudum
937 2680 1112 2746 innotuisse
1141 2680 1332 2759 hominibus,
1358 2682 1437 2745 mihi

485 2783 660 2851 multorum
695 2783 894 2861 auctoritate,
924 2795 958 2848 et
993 2783 1127 2860 ratione,
1157 2806 1342 2869 persuasum
1379 2799 1437 2850 est.

485 2886 581 2960 Quod
597 2886 623 2948 si
639 2885 697 2949 tibi
714 2884 903 2972 persuadere
922 2905 985 2947 non
1004 2906 1146 2968 possum,
1160 2885 1364 2950 obstantibus
1379 2885 1438 2966 bis,

484 3007 560 3070 quae
574 2985 652 3048 mihi
667 2984 707 3048 de
715 2983 927 3071 providentia,
935 2997 967 3048 et
979 2982 1058 3061 fato,
1070 2984 1284 3050 indesinenter
1293 2988 1439 3073 opponis,

485 3086 627 3172 mihique
639 3084 891 3172 repugnantibus
902 3085 1069 3173 exemplis,
1082 3109 1156 3171 quae
1167 3086 1208 3150 de
1220 3088 1317 3152 variis
1331 3088 1437 3151 adfers

485 3188 641 3261 historiis;
665 3188 807 3273 persuasi
827 3201 933 3253 tamen
954 3187 1042 3263 mihi,
1058 3188 1134 3252 huic
1154 3208 1218 3251 non
1239 3192 1437 3275 acquiescere

486 3290 628 3355 vanitati.
659 3291 732 3355 Nou
748 3291 896 3377 equidem
909 3291 1073 3375 signorum
1089 3290 1353 3376 signatorumque
1366 3312 1435 3355 eam

485 3391 709 3455 cohaerentiam
723 3391 872 3468 arbitror,
888 3402 926 3455 ut
940 3390 1077 3455 alterum
1092 3412 1133 3455 ex
1148 3390 1249 3455 altero
1263 3390 1437 3455 necessario

484 3501 705 3578 consequatur.
751 3493 819 3556 Cur
840 3495 886 3556 ita
907 3492 1111 3572 crediderim,
1130 3490 1191 3556 nisi
1214 3506 1246 3557 te
1271 3493 1436 3558 curialium

481 3616 578 3680 nugae
603 3592 757 3669 detinent,
783 3591 869 3659 audi.
921 3596 993 3658 Rex
1019 3593 1177 3657 Ezechias
1201 3595 1369 3679 aegrotavit
1394 3593 1436 3657 ad

483 3709 627 3763 mortem.
672 3696 727 3757 An
749 3716 811 3757 non
834 3692 938 3758 credis
960 3715 1065 3778 regem
1092 3694 1117 3756 J
1119 3692 1185 3757 uda
1207 3694 1366 3759 medicum
1388 3696 1437 3757 in·

482 3797 618 3875 venisse,
638 3798 694 3882 qui
716 3794 827 3871 urinae,
851 3807 883 3859 et
904 3793 1027 3879 pulsus,
1050 3807 1083 3858 et
1104 3794 1332 3881 multiplicium
1354 3813 1436 3877 pra·-

483 3900 700 3983 gnosticorum
730 3896 860 3973 indicio‚
890 3895 993 3960 morbi
1022 3893 1275 3982 deprehenderet
1310 3896 1437 3979 quanti-

487 4003 604 4064 tatem?
641 3998 766 4062 Deinde
781 4019 966 4084 responsum
989 3995 1102 4060 mortis
1115 3996 1199 4060 forte
1219 4005 1382 4079 acceperat
1403 3994 1438 4057 in

484 4124 615 4187 corpore
624 4123 695 4178 suo,
707 4101 762 4186 qui
771 4123 809 4163 eo
820 4122 922 4186 usque
931 4099 1106 4185 perductus
1115 4111 1173 4174 est,
1186 4109 1224 4161 ut
1233 4119 1266 4159 se
1277 4095 1436 4159 victurum

484 4203 619 4268 ulterius
634 4224 697 4266 nou
710 4213 860 4287 speraret.
892 4203 1057 4264 Postremo
1068 4197 1207 4284 Spiritus
1216 4211 1344 4261 sanctus
1354 4219 1438 4260 mor·
1457 4223 1473 4243 κ

482 4320 547 4371 tem
578 4302 748 4369 nunciabat
778 4314 879 4367 astate
909 4323 976 4389 pne
1004 4299 1135 4365 foribus.
1183 4298 1279 4377 Quod
1310 4298 1436 4385 siguum

483 4408 601 4474 certius
616 4405 755 4493 quaeris?
793 4404 879 4483 Quid
895 4415 1093 4481 certumst,
1109 4415 1145 4468 ut
1162 4402 1204 4467 de
1218 4400 1290 4467 aliis
1304 4412 1437 4472 taceam.
