3575 5575
336 827 408 870 cae.
424 811 498 889 vm]
675 827 930 872 Ponrcaamcus.
1226 813 1289 870 289

336 976 496 1061 ingressus
517 987 575 1052 est,
591 991 622 1041 et
638 977 817 1062 appellatus
840 978 996 1043 secundus
1014 976 1180 1050 Romulus,
1197 974 1287 1060 quasi

335 1078 415 1143 alter
430 1078 545 1163 patriae
560 1078 714 1144 conditor.
759 1079 866 1146 Julius
882 1081 1037 1165 Hyginus
1051 1079 1083 1142 in
1100 1077 1182 1140 libro
1197 1088 1287 1139 sexto

334 1177 374 1242 de
387 1179 452 1243 vita
468 1179 627 1264 rebusque
641 1181 778 1244 virorum
791 1179 975 1259 illustrium,
986 1180 1074 1266 quod
1089 1177 1130 1241 de
1139 1175 1289 1241 Fabricio

331 1278 486 1364 sequitur,
503 1279 612 1343 refert.
661 1282 759 1360 (Nam
779 1278 996 1365 praecedentia
1011 1278 1176 1344 Plutarchi
1192 1276 1223 1340 in
1240 1277 1286 1339 in·

331 1381 497 1445 stitutione
513 1382 659 1467 Trajani,
675 1396 707 1446 et
723 1384 746 1444 ,J
751 1382 805 1445 ulii
823 1382 970 1446 Frontini
990 1386 1023 1446 in
1037 1382 1120 1445 libro
1135 1392 1287 1466 stratege-

333 1493 454 1544 matum
471 1487 567 1562 sunt.)
613 1486 776 1545 Venerunt
796 1505 874 1566 ergo
891 1477 1029 1547 secundo
1052 1481 1145 1566 legati
1167 1481 1288 1544 Samni-

333 1594 403 1645 tum
425 1582 466 1644 ad
484 1581 522 1645 O.
539 1581 736 1658 Fabricium,
760 1582 877 1647 multas
892 1596 925 1647 et
948 1605 1078 1668 magnas
1101 1607 1150 1648 res
1172 1605 1287 1646 meum-

333 1696 450 1761 rantes,
472 1707 547 1769 quae
569 1683 649 1748 bene
671 1707 707 1746 ac
728 1683 874 1748 benivole
901 1696 973 1770 post
994 1684 1151 1751 redditam
1177 1707 1285 1771 pacem

334 1783 531 1848 Samnitibus
540 1783 668 1863 fecerat,
677 1783 846 1850 offerentes
854 1785 939 1849 dono
947 1786 1098 1868 grandem
1109 1786 1287 1873 pecuniam,

333 1898 364 1949 et
380 1897 507 1951 orantes
520 1900 558 1950 ut
573 1908 642 1950 eam
657 1885 813 1971 acciperet
829 1897 859 1949 et
872 1898 1028 1963 uteretur,
1039 1910 1076 1950 eo
1088 1886 1174 1973 quod
1187 1886 1289 1950 multa

334 1986 376 2050 ad
399 1987 615 2052 necessitatem
640 1987 755 2063 victus,
782 2000 814 2050 et
839 1986 1036 2073 splendorem
1061 1988 1174 2054 domus
1199 2000 1288 2052 tanto

336 2087 405 2151 viro
416 2087 523 2151 deesse
532 2098 700 2150 constaret.
735 2086 823 2150 Nihil
833 2087 915 2151 enim
927 2088 1064 2167 lautum,
1076 2100 1288 2174 paratumque

334 2198 402 2251 erat
424 2209 484 2272 pro
505 2185 718 2273 amplitudine
741 2185 890 2264 hominis,
913 2197 945 2250 et
968 2185 1124 2271 dignitate
1148 2187 1287 2250 virtutis.

336 2288 501 2353 Fabricius
516 2312 592 2353 vero
606 2288 716 2375 planas
732 2311 844 2353 manus
857 2290 900 2352 ab
919 2290 1051 2352 auribus
1065 2301 1096 2352 et
1112 2288 1152 2351 ad
1169 2288 1287 2364 oculos,

332 2406 363 2458 et
380 2392 475 2469 infra,
490 2404 522 2457 et
542 2392 691 2478 deinceps
708 2391 749 2456 ad
770 2414 872 2468 nares,
887 2403 920 2455 et
935 2390 976 2453 ad
997 2414 1042 2466 οε,
1059 2403 1089 2454 et
1112 2390 1153 2453 ad
1167 2390 1289 2476 gulam,

332 2506 365 2556 et
387 2492 502 2556 deinde
525 2491 567 2554 ad
590 2504 732 2555 ventrem
754 2503 786 2554 et
808 2491 883 2567 ima,
907 2489 1053 2564 deduxit,
1069 2503 1101 2553 et
1123 2489 1236 2573 legatis
1254 2492 1287 2554 in

333 2593 403 2658 haec
429 2591 526 2656 verba
550 2591 732 2678 respondit:
767 2595 857 2655 Dum
881 2591 1028 2656 omnibus
1052 2591 1102 2655 his
1127 2593 1287 2670 membris,

335 2714 409 2776 quar
426 2690 531 2772 attigi,
544 2691 688 2754 resistere
703 2703 798 2775 atque
811 2690 966 2774 imperare
981 2703 1103 2776 potero,
1116 2691 1194 2754 mihi
1210 2692 1289 2756 nihil

334 2792 462 2855 omnino
472 2793 585 2872 deerit,
593 2793 730 2878 ideoque
742 2792 832 2855 vohis
841 2802 997 2855 reservate
1008 2793 1172 2877 pecuniam
1183 2816 1289 2858 neces·

335 2893 447 2957 sariam
465 2893 577 2958 usibus
597 2892 720 2972 vestris,
736 2916 793 2957 nec
812 2916 881 2956 eam
897 2893 1017 2979 quibus
1036 2893 1218 2973 necessaria,
1232 2907 1289 2958 aut

335 3005 426 3077 grata
462 3018 524 3059 non
560 3008 618 3073 est,
654 2994 816 3079 ingeratis.
861 2996 997 3059 Romani
1033 2995 1189 3081 siquidem
1225 3018 1287 3059 non

334 3106 447 3159 curant
458 3094 576 3161 habere
592 3118 716 3173 aurum,
729 3094 786 3160 ssd
801 3094 958 3181 imperare
971 3096 1082 3160 volunt
1097 3095 1288 3160 habentibus

332 3218 458 3264 aurum.
499 3200 573 3262 Hoc
587 3197 692 3264 Julius
709 3196 866 3284 Hyginus.
905 3197 1076 3261 Frontinus
1092 3218 1166 3261 vero
1181 3198 1289 3273 refert,

332 3299 419 3385 quod
431 3299 473 3363 ad
486 3299 668 3365 Fabricium
680 3300 796 3363 ducem
809 3298 1039 3375 Romanorum,
1053 3299 1196 3362 medicus
1211 3299 1289 3385 Pyr·

333 3401 383 3466 rhi
400 3402 602 3488 Epirotarum
625 3402 708 3487 regis
728 3401 883 3487 pervenit,
900 3401 1059 3487 pollicitus
1079 3424 1112 3465 se
1129 3424 1287 3467 venenum

333 3503 484 3567 daturum
502 3504 633 3590 Pyrrho,
647 3506 724 3569 dum
741 3527 863 3569 merces
878 3504 938 3567 sihi
961 3504 1074 3593 inqua
1096 3526 1202 3590 operae
1217 3527 1289 3590 pre·

333 3603 415 3667 tium
441 3603 532 3680 foret,
558 3606 813 3670 constitueretur.
857 3606 932 3679 Quo
956 3606 1096 3670 facinore
1125 3605 1288 3670 Fabricius

333 3726 429 3789 egere
451 3704 613 3768 victoriam
634 3728 725 3769 suam
745 3728 809 3769 non
832 3707 1013 3783 arbitratus,
1037 3704 1104 3788 regi
1126 3706 1287 3769 medicum

333 3804 464 3869 detexit.
511 3805 621 3888 Atque
636 3824 675 3866 ea
688 3804 753 3867 fide
773 3806 900 3881 meruit,
918 3817 954 3869 ut
974 3807 1014 3870 ad
1031 3804 1203 3869 amicitiam
1225 3807 1289 3869 Ro-

334 3929 502 3971 manorum
523 3906 748 3991 appetendam,
769 3907 977 3994 compelleret
999 3908 1166 3993 Pyrrhum.
1204 3913 1287 3975 Pace

335 4029 409 4071 mea
439 4006 605 4071 decertent
633 4006 664 4070 in
692 4029 767 4071 casu
793 4007 853 4072 isto
880 4008 1027 4075 Valerius
1055 4007 1227 4086 Maximus,
1255 4024 1289 4075 et
1321 4036 1324 4043 ·

336 4108 491 4173 Claudius
514 4108 755 4193 Quadrigarius,
779 4110 1010 4177 contendentes
1031 4111 1073 4175 de
1099 4113 1228 4178 nomine
1254 4130 1288 4179 et

333 4209 436 4274 officio
451 4212 627 4295 proditoris.
674 4215 727 4276 An
745 4213 954 4279 Timochares
969 4215 1065 4278 luerit
1081 4216 1175 4299 juxta
1191 4215 1288 4280 Vale-

336 4310 418 4374 rium
435 4322 525 4395 pater
546 4313 642 4388 illius,
658 4315 713 4399 qui
730 4315 761 4378 in
784 4316 868 4400 regis
883 4315 1027 4380 convivio
1049 4316 1163 4400 pocula
1178 4316 1287 4381 minis-

334 4411 449 4488 trabat,
466 4434 506 4475 an
529 4413 704 4478 secundum
729 4415 977 4501 Quadrigarium
1004 4416 1112 4481 Nicias
1134 4418 1287 4502 medicus,

378 4535 448 4579 van.
465 4536 516 4579 111.
813 4540 834 4583 u
