3575 5575
337 779 558 858 CAP.XXV111.]
700 796 954 844 marcnarrcus.
1228 780 1289 840 lto

338 947 550 1032 indignantes,
564 945 685 1032 quibus
700 969 732 1010 se
747 946 876 1030 fingunt
891 946 1038 1012 infensos.
1086 947 1176 1030 Saepe
1191 948 1285 1010 etiam

337 1052 537 1115 mentiuntur
565 1060 620 1113 aut
642 1047 834 1133 decipientes
861 1061 918 1111 aut
940 1046 1075 1132 decepti.
1121 1047 1183 1109 Sed
1213 1045 1286 1112 licet

338 1172 410 1216 vera
421 1151 589 1215 dumtaxat
601 1151 781 1228 enuncient,
791 1148 995 1212 nihilominus
1004 1164 1059 1212 aut
1068 1147 1287 1233 compescendi

336 1265 422 1325 sunt,
438 1263 494 1314 aut
510 1248 665 1334 fugiendi.
710 1247 807 1313 Unde
822 1248 855 1311 in
872 1248 1142 1312 Deuteronomio:
1167 1247 1203 1311 Si
1218 1270 1288 1311 sur-

337 1352 454 1416 rexerit
482 1351 515 1415 in
541 1351 647 1415 medio
672 1351 720 1414 tui
749 1349 921 1434 propheta,
951 1361 1008 1414 ant
1034 1349 1092 1434 qui
1114 1347 1230 1413 dixerit
1253 1373 1287 1413 se

334 1451 490 1516 somnium
508 1452 635 1526 vidisse,
650 1465 681 1515 et
697 1449 883 1536 praedixerit
906 1450 1032 1535 signum
1047 1462 1145 1535 atque
1159 1463 1287 1534 porten-

334 1566 415 1630 tum,
440 1565 472 1616 et
497 1552 636 1616 evenerit
662 1551 749 1636 quod
773 1550 926 1634 loquutus
946 1562 1005 1625 est,
1024 1564 1056 1614 et
1078 1550 1193 1615 dixerit
1215 1551 1287 1628 tibi,

337 1654 460 1718 Eamus
485 1667 517 1717 et
538 1673 710 1737 sequamur
733 1650 808 1714 deos
833 1649 962 1726 alienos,
988 1671 1069 1734 quos
1093 1648 1231 1733 ignoras,
1253 1664 1285 1714 et

336 1753 509 1818 serviamus
542 1753 598 1830 eis,
627 1773 690 1814 non
720 1749 829 1814 audias
860 1749 959 1814 verba
989 1747 1161 1834 Prophetae
1189 1749 1287 1831 illius,

334 1868 389 1920 ant
405 1854 613 1929 somniatoris,
626 1853 705 1939 quia
716 1864 817 1916 tentat
830 1873 885 1914 vos
895 1851 1055 1916 Dominus
1065 1855 1155 1916 Deus
1170 1866 1284 1929 vester,

334 1966 372 2024 ut
392 1956 496 2042 palam
519 1956 575 2020 fiat
597 1973 706 2019 utrum
733 1952 874 2036 diligatis
895 1974 980 2032 eum,
1002 1975 1042 2016 en
1064 1974 1138 2015 non.
1186 1955 1283 2020 Unde

333 2056 427 2143 plane
448 2057 648 2143 intelligitur,
671 2055 747 2140 quia
770 2053 829 2119 etsi
851 2057 1047 2138 contingant,
1072 2077 1146 2140 quae
1168 2056 1305 2140 adiri·¹

331 2157 482 2222 nantibus
514 2180 576 2221 non
607 2155 781 2221 secundnm
812 2159 918 2219 Deum
949 2155 1113 2233 dicuntur,
1144 2179 1207 2220 non
1237 2158 1281 2223 sic

279 2340 282 2344 1
330 2258 511 2344 accipienda
521 2270 606 2339 suut,
622 2257 745 2323 utfiant
761 2280 835 2342 quae
850 2255 1084 2342 praecipiuntur
1099 2258 1211 2336 abeis,
1226 2272 1282 2326 aut

329 2359 474 2425 colantur
497 2384 568 2445 quae
584 2363 733 2424 coluntur
748 2360 789 2422 ab
804 2359 859 2422 eis.
906 2358 968 2420 Sed
985 2381 1041 2422 nec
1058 2360 1234 2444 Apostolus
1247 2361 1281 2424 in

329 2461 423 2528 Actis
435 2461 671 2546 Apostolorum,
683 2459 849 2524 immundo
859 2458 987 2543 spiritui
993 2464 1149 2545 pepercit,
1161 2462 1237 2548 quia
1247 2462 1279 2526 iu

329 2563 461 2629 muliere
477 2561 687 2646 ventriloqua,
711 2560 863 2646 apostolis
884 2572 917 2623 et
937 2560 1157 2645 praedicationi
1171 2585 1279 2627 eorum

326 2664 541 2726 testimonium
559 2660 722 2747 perhibuit
737 2660 890 2723 veritatis.
935 2658 1026 2723 Nihil
1041 2680 1116 2722 vero
1130 2660 1284 2726 adversm

329 2775 451 2847 pestem
467 2761 558 2828 istam
581 2759 741 2825 salubrius
763 2772 822 2835 est,
839 2781 936 2843 quam
953 2758 980 2821 si
1001 2761 1075 2842 quis
1095 2758 1280 2845 hujusmodi

328 2862 462 2927 vanitati
476 2861 604 2926 omniuo
619 2882 726 2925 aurem
750 2857 927 2923 subtrahat.
973 2860 1102 2923 Gratias
1120 2882 1182 2945 ago
1197 2865 1278 2942 Deo,

329 2965 385 3048 qui
400 2963 478 3027 mihi
488 2962 581 3026 etiam
595 2961 627 3025 in
641 2960 788 3025 teneriori
797 2971 902 3034 aetate,
914 2958 1068 3022 adversus
1083 2960 1139 3025 bas
1148 2962 1278 3049 maligni

327 3063 429 3129 hostis
464 3062 604 3143 insidias,
646 3059 834 3147 beneplaciti
865 3059 915 3124 sui
953 3072 1080 3124 scutum
1115 3068 1276 3148 opposuit.

325 3166 415 3232 Dum
444 3162 527 3227 enim
550 3185 643 3249 puer,
665 3175 702 3226 ut
724 3162 862 3248 psalmos
887 3160 1095 3239 addiscerem,
1120 3164 1275 3231 sacerdoti

323 3263 462 3329 traditus
476 3288 585 3339 essem,
609 3266 664 3351 qui
684 3264 767 3328 forte
786 3262 992 3349 speculariam
1012 3264 1165 3348 magicam
1186 3287 1277 3330 exer·

323 3366 424 3446 cebet,
441 3366 573 3451 contigit
584 3378 621 3431 ut
633 3389 695 3445 me,
705 3376 737 3430 et
749 3364 846 3452 paulo
857 3364 1116 3449 grandiusculum
1128 3387 1277 3451 puerum,

323 3468 495 3553 praemissis
527 3467 718 3552 quibusdam
755 3466 929 3545 maleficiis,
957 3489 1018 3552 pro
1045 3468 1183 3553 pedibus
1211 3468 1278 3533 suis
1324 3506 1328 3521 ·

1322 3524 1326 3564 l

325 3567 481 3646 sedentes,
496 3568 537 3631 ad
554 3568 738 3654 speculariae
759 3568 959 3653 sacrilegium
980 3568 1166 3655 applicaret,
1184 3584 1221 3634 ut
1242 3570 1276 3634 in
1320 3568 1325 3598 ²⁴

326 3668 489 3754 unguibus
511 3690 599 3731 sacro
617 3668 721 3733 nescio
738 3670 819 3747 oleo,
841 3683 898 3733 aut
924 3668 1093 3734 chrismate
1115 3669 1279 3747 delibutis,

324 3768 375 3835 vel
388 3770 421 3833 in
437 3783 563 3863 exterso
577 3783 609 3834 et
625 3769 762 3851 levigato
777 3791 908 3852 corpore
923 3770 1036 3855 pelvis,
1051 3770 1140 3853 quod
1155 3792 1292 3868 quaere-⁴
1323 3801 1327 3837 ,ι

322 3869 389 3945 bat,
406 3883 515 3935 nostro
530 3868 785 3933 manifestaretur
796 3867 925 3932 iudicio.
949 3871 1060 3941 Quum
1071 3868 1183 3953 itaque
1197 3889 1278 3952 proe·

324 3970 419 4035 dictis
449 3970 642 4045 nominibus,
666 3992 739 4055 quae
761 3970 832 4054 ipso
855 3968 986 4033 horrore
1009 3966 1093 4045 licet,
1122 3970 1277 4054 puerulus

322 4094 431 4151 essem,
461 4071 641 4137 daemonum
669 4070 874 4146 videbantur,
898 4083 929 4134 et
953 4069 1124 4155 praemissis
1147 4070 1275 4155 adjura·

323 4172 473 4249 tionibus,
498 4196 579 4258 quas
602 4176 674 4237 Deo
698 4183 828 4235 auctore
852 4170 969 4250 nescio,
995 4172 1098 4235 socius
1120 4194 1209 4235 meus
1230 4194 1275 4248 se,

319 4272 512 4357 nescioquas
526 4273 690 4357 imagines,
701 4286 811 4337 tenues
823 4285 927 4336 tamen
944 4284 976 4337 et
988 4271 1150 4336 nubilosas
1166 4273 1275 4337 videre

310 4371 497 4457 judicasset,
520 4396 580 4456 ego
605 4373 736 4457 quidem
759 4373 800 4437 ad
816 4373 898 4436 illud
922 4373 967 4435 ita
989 4395 1094 4437 caecus
1116 4372 1221 4451 extiti,
1237 4385 1273 4436 ut

1322 3848 1325 3884 l
