3575 5575
335 869 405 912 car.
422 853 485 928 ua]
692 863 947 910 ronrcnarreus.
1222 851 1284 909 297

337 1017 535 1103 Philosophia
551 1016 664 1102 placet,
676 1013 840 1100 sapientia,
856 1034 962 1077 rerum
978 1011 1157 1076 divinarum
1173 1012 1285 1078 huma·

334 1141 511 1205 uarumque
526 1116 683 1204 princeps,
696 1127 730 1180 et
742 1115 955 1199 gerendorum
972 1112 1285 1202 omittendorumque

334 1220 475 1287 scientia.
528 1220 614 1284 Huic
640 1240 716 1284 vero
746 1217 889 1282 insistere
919 1215 1133 1302 philosophari
1162 1227 1220 1296 est,
1246 1239 1286 1283 eo

333 1324 421 1410 quod
445 1321 648 1410 Philosophia
673 1320 714 1385 sit
739 1320 879 1385 studium
907 1319 1080 1404 sapientias.
1137 1319 1185 1384 Ut
1209 1342 1285 1406 ergo

332 1425 474 1513 antiquis
506 1424 637 1510 placuit,
666 1423 708 1488 ad
742 1422 858 1487 ostium
895 1421 1060 1507 sapienties
1088 1421 1286 1509 philosophia

333 1527 450 1612 pulsat,
464 1538 498 1590 et
519 1548 619 1612 quum
639 1524 670 1589 ei
686 1534 831 1609 apertum
848 1523 953 1599 fuerit,
970 1521 1077 1586 anima
1092 1544 1197 1588 rernm
1213 1525 1285 1590 luce

333 1629 470 1693 dulciter
505 1628 671 1702 illustrata,
710 1647 826 1690 nornen
866 1624 1080 1709 Philosophiae
1116 1627 1285 1693 evanescit.

334 1732 414 1812 Aut,
433 1730 516 1794 sicut
537 1728 819 1815 perspicacioribus
838 1728 941 1791 visum
964 1736 1023 1807 est,
1037 1727 1208 1792 voluntatis
1230 1751 1286 1816 ap-

337 1834 457 1920 petitus
472 1833 635 1918 impletur,
649 1853 748 1919 quum
772 1831 830 1895 flos
851 1829 948 1895 studii
962 1830 1066 1915 vergit
1086 1828 1119 1894 in
1135 1829 1285 1900 fructum.

338 1934 424 1999 Nam
453 1935 661 2021 philosophiae
691 1935 773 2015 linis,
800 1931 956 2018 sapientia
980 1944 1037 1996 est.
1086 1931 1152 1996 Sed
1180 1933 1287 2000 neseio

335 2058 475 2122 quonam
503 2050 598 2124 pacto
625 2038 694 2123 jam
724 2057 887 2102 versamur
916 2034 949 2097 in
978 2033 1043 2098 fine
1071 2033 1167 2116 illins,
1196 2035 1287 2122 cujus

334 2138 461 2203 initium
482 2140 624 2204 nondum
645 2138 842 2224 agnovimus,
863 2135 949 2224 quod
969 2135 1003 2199 in
1024 2136 1119 2201 rebus
1138 2137 1286 2204 omnibus

335 2241 553 2326 potentissima
580 2263 653 2328 pars
681 2263 749 2306 essa
778 2251 935 2306 censetur.
981 2237 1201 2305 Veruntamen
1230 2241 1286 2328 qui

333 2344 431 2409 linem
454 2345 553 2421 novit,
568 2343 695 2409 initium
711 2343 857 2428 ignorare
873 2363 937 2406 non
953 2351 1068 2426 potest,
1080 2363 1181 2428 quum
1197 2343 1287 2408 radix

333 2447 427 2530 initii,
443 2469 500 2531 per
514 2446 707 2532 multiplices
718 2444 843 2508 rimatis
857 2442 1011 2520 tramites,
1027 2444 1182 2530 usquead
1198 2467 1288 2511 coro·

334 2569 410 2610 narn
440 2546 522 2622 finis,
553 2544 738 2631 fructusque
771 2542 988 2624 dulcedinem,
1016 2542 1191 2610 vivacitatis
1219 2567 1287 2610 snoe

333 2647 492 2712 soliditate
507 2655 715 2733 pertranseat.
749 2645 845 2727 Eece,
859 2645 965 2732 inquit
979 2645 1092 2709 beatus
1106 2645 1179 2723 Job,
1192 2646 1288 2712 timor

224 2808 236 2829 ,
335 2750 468 2815 Domini
483 2750 552 2836 ipsa
566 2761 615 2815 est
635 2748 799 2835 sapientia,
816 2758 850 2811 et
870 2746 1019 2812 recedere
1035 2768 1055 2811 a
1069 2746 1155 2812 malo
1168 2747 1287 2814 intelli-

333 2852 453 2938 gentia.
500 2851 606 2916 Aliam
621 2872 697 2916 vero
720 2849 859 2914 radicem
879 2847 1045 2934 sapientiae
1060 2870 1218 2936 nusquam
1238 2850 1288 2914 in·

333 2954 436 3031 venio,
452 2975 553 3041 quum
578 2955 611 3017 in
631 2951 670 3017 eo
693 2951 892 3017 consentiant
917 2973 1038 3029 omnes,
1054 2952 1141 3040 quod
1159 2952 1286 3018 initium

335 3056 501 3142 sapientiae
515 3056 612 3121 timor
635 3054 778 3123 Domini.
822 3054 934 3121 limor
955 3076 1032 3139 ergo
1051 3053 1190 3135 initium,
1205 3057 1288 3122 etin

334 3160 450 3225 timore
476 3181 640 3246 processus
664 3170 723 3237 est,
747 3169 781 3223 et
803 3157 948 3224 omnium
970 3158 1124 3224 virtutum
1148 3159 1287 3243 culmen,

334 3262 400 3328 sive
416 3262 494 3328 illud
511 3264 687 3343 caritatem,
697 3262 762 3328 sive
777 3262 966 3348 sapientiam
981 3262 1078 3344 dicas,
1093 3285 1157 3328 non
1171 3285 1289 3351 usque·

334 3390 461 3455 quaque
491 3369 632 3433 alienum
658 3378 708 3431 est
732 3389 752 3431 a
781 3365 907 3431 timore.
963 3366 994 3430 A
1022 3365 1112 3431 filiali
1139 3366 1287 3433 servilem

332 3470 458 3534 divide:
488 3467 521 3533 in
548 3470 608 3533 hoc
633 3468 773 3546 initium,
800 3467 834 3531 in
859 3466 915 3533 illo
939 3466 1105 3554 sapientiae
1130 3468 1287 3534 constitue

334 3571 522 3656 profectum,
533 3582 566 3635 et
577 3571 692 3635 exinde
701 3571 942 3656 perlectionem.
973 3571 1176 3659 Quocunque
1191 3572 1288 3636 modo

333 3695 367 3736 se
383 3671 475 3736 luxus
489 3672 659 3737 verborum
679 3669 820 3748 extollat,
838 3695 949 3737 verum
969 3684 1028 3755 cst,
1043 3672 1119 3759 quia
1133 3672 1289 3758 sapientia

334 3774 479 3839 initiatur
503 3772 537 3836 in
562 3772 686 3849 timore,
713 3783 747 3836 et
772 3773 858 3859 quod
881 3784 1009 3838 sanctus
1034 3773 1132 3837 timor
1155 3772 1290 3837 Domini

336 3886 504 3964 permanet
523 3874 558 3939 in
577 3872 731 3939 saeculum
753 3874 871 3938 saeculi.
923 3874 1039 3939 Manat
1058 3874 1167 3961 itaqua
1187 3873 1287 3952 radix,

334 3993 368 4045 et
386 3976 593 4043 incrementis
614 3974 725 4061 gratiae
745 3974 940 4041 invalescens
956 3976 991 4040 in
1013 3996 1117 4041 ramos
1134 3974 1288 4041 virtutum

335 4081 470 4167 proficit,
480 4092 514 4145 et
524 4080 571 4145 vis
586 4079 654 4165 ejus
669 4079 710 4144 ad
721 4078 860 4143 fructum
872 4078 1022 4164 perfectae
1037 4077 1176 4145 caritatis
1187 4100 1288 4167 usqne

337 4185 500 4272 pertingit,
513 4207 587 4272 quae
602 4206 768 4271 poenarum
784 4183 885 4248 nescit
899 4183 1036 4262 aculeos,
1053 4206 1152 4271 quum
1168 4206 1233 4249 non
1248 4184 1290 4249 sit

338 4297 443 4352 metus
468 4286 500 4349 in
527 4287 669 4368 caritate,
691 4286 747 4374 qui
768 4309 897 4373 poenam
920 4286 1027 4363 habet,
1050 4297 1083 4350 et
1105 4287 1146 4350 sit
1168 4284 1289 4351 timoris

338 4388 505 4468 indicium,
528 4388 613 4473 quod
637 4389 719 4453 bona
742 4411 839 4475 opera
854 4388 977 4474 jugiter
998 4386 1084 4467 facit,
1105 4399 1139 4451 et
1155 4386 1290 4473 justitian

337 4488 502 4553 continens
522 4488 656 4553 eandem
677 4489 897 4575 apprehendit.
944 4486 1054 4553 Metus
1073 4508 1149 4573 ergo
1164 4487 1290 4553 videtur
