3575 5575
325 809 394 852 cae.
410 791 507 872 xv11.]
675 809 929 855 convenarrcus.
1235 796 1278 854 93

322 959 398 1023 facti
424 958 562 1045 explicet
584 964 750 1039 rationem,
775 961 834 1025 nisi
860 961 947 1046 quod
974 960 1050 1024 boni
1073 958 1204 1045 spiritus
1226 961 1277 1022 vel

324 1061 452 1145 maligui
476 1060 679 1144 exigentibus
702 1062 866 1125 hominum
890 1062 1024 1138 meritis,
1039 1079 1093 1124 eos
1114 1060 1277 1134 erudiunt,

324 1162 373 1226 vel
384 1161 548 1227 illudunt?
573 1164 673 1229 Novit
685 1161 1279 1250 enim,Hieronymoreferente‚catbo-
1330 1208 1333 1215 ,

324 1264 384 1329 lica
399 1276 500 1328 mater
515 1265 655 1342 ecclesia,
671 1265 833 1353 quomodo
852 1265 892 1330 ad
917 1265 1056 1329 tribunal
1073 1263 1192 1350 judicis
1216 1264 1279 1327 Dei

326 1380 448 1453 raptus,
465 1368 605 1455 eoquod
621 1368 710 1433 libris
725 1369 891 1452 gentilium
908 1368 1126 1432 vehementius
1146 1368 1281 1432 inhaere-

326 1481 386 1546 ret,
409 1468 527 1533 ibidem
554 1482 682 1534 coactus
704 1483 752 1535 est
778 1470 923 1556 profiteri
945 1493 977 1533 se
1003 1468 1088 1533 ultra
1114 1469 1280 1552 gentilium

326 1569 428 1633 libros
441 1591 504 1632 non
527 1569 623 1632 modo
646 1591 708 1632 non
731 1569 900 1641 lecturum,
918 1569 972 1632 sed
995 1591 1053 1631 nec
1074 1569 1169 1632 etiam
1191 1568 1280 1633 habi-

327 1683 448 1734 turum.
505 1672 590 1733 Ante
617 1669 772 1755 siquidem
803 1670 1028 1754 professionem
1056 1670 1279 1755 interrogatus,

327 1793 428 1857 quum
445 1794 478 1834 se
501 1770 619 1835 diceret
642 1770 873 1847 Christianum,
889 1770 917 1833 ei
947 1795 966 1834 a
990 1770 1101 1858 judice
1126 1773 1279 1858 probrose

328 1871 488 1958 objectum
505 1885 563 1949 est,
580 1872 667 1958 quod
689 1895 751 1936 non
775 1895 852 1936 suus
874 1885 954 1946 erat,
972 1872 1027 1936 sed
1046 1873 1280 1939 Ciceronianus.

330 1975 403 2038 Hoc
418 1986 524 2038 tamen
539 1997 601 2037 non
617 1974 768 2038 audacter
791 1975 903 2038 somnii
918 1974 1138 2038 affirmaverim
1153 1999 1281 2041 censen·

328 2075 405 2138 dum
422 2073 557 2149 nomine,
574 2097 676 2160 quum
691 2074 774 2138 idern
791 2075 1010 2140 veracissimus
1024 2087 1057 2139 et
1072 2075 1281 2162 prudentissi-

328 2198 399 2239 mus
414 2176 526 2240 doctor
540 2176 686 2239 umbram
700 2175 813 2240 somnii
824 2199 887 2240 non
902 2176 1010 2252 fuisse,
1023 2179 1078 2242 sed
1094 2199 1158 2240 rem
1172 2199 1279 2241 secum

328 2278 481 2344 veraciter
510 2278 561 2364 agi
590 2281 729 2344 Domino
758 2279 918 2356 visitante,
948 2282 1043 2344 etiam
1068 2279 1280 2367 jurisjurandi

327 2381 479 2465 religione
505 2381 678 2446 confirmet.
725 2383 770 2445 Et
796 2394 831 2446 ut
856 2381 982 2469 plenam
1007 2382 1186 2447 assertionis
1212 2403 1280 2446 suae

327 2484 423 2549 faciat
453 2482 561 2561 fidem,
588 2483 718 2547 livorem
745 2484 910 2549 verberum
936 2487 969 2549 in
1000 2496 1083 2560 cute,
1110 2484 1279 2548 vulnerum

328 2584 489 2649 cicatrices
518 2583 763 2670 expergefactus
791 2583 931 2649 ostendit
960 2584 993 2647 in
1023 2606 1163 2670 corpore.
1219 2585 1281 2648 Sed

328 2709 427 2772 quum
444 2686 513 2749 haec
531 2709 550 2748 a
565 2685 729 2771 spiritibus
743 2687 826 2749 circa
841 2685 982 2749 homines
997 2686 1085 2762 liant,
1100 2708 1168 2748 eam
1185 2685 1281 2748 solam

328 2810 433 2854 rerum
460 2785 629 2871 imaginem
653 2784 756 2849 fidelis
779 2784 884 2849 anima
907 2808 971 2848 non
994 2798 1193 2869 aspernatur,
1207 2810 1282 2873 quae

328 2887 538 2952 innocentiam
555 2886 707 2973 relinquit
721 2889 924 2953 incolumem.
964 2886 1059 2960 Quod
1076 2887 1101 2950 si
1118 2888 1281 2953 materiam

329 2985 416 3049 vitiis
430 2982 551 3061 afferat,
562 2983 725 3048 libidinem
742 2984 826 3049 forte
837 2984 1021 3062 accendens,
1034 2998 1090 3049 aut
1105 2986 1282 3065 avaritiam,

330 3101 387 3152 aut
414 3086 600 3151 dominandi
630 3087 775 3171 ingerens
808 3087 1001 3173 appetitum,
1030 3100 1088 3153 aut
1126 3090 1282 3176 quicquid

329 3189 516 3276 hujusmodi
536 3200 583 3254 est
606 3189 647 3255 ad
672 3190 907 3254 subversionem
931 3189 1055 3266 animae,
1071 3191 1284 3275 proculdubio

330 3307 386 3358 aut
416 3316 489 3358 caro
518 3304 575 3357 aut
605 3291 736 3379 spiritus
766 3292 926 3378 malignus
955 3292 1106 3357 immittit.
1160 3296 1224 3371 Qui
1251 3296 1283 3358 in

332 3396 485 3481 quosdam
517 3394 720 3479 exigentibus
750 3395 862 3480 culpis,
894 3394 1034 3460 Domino
1068 3396 1283 3482 permittente,

331 3510 422 3562 tanta
442 3497 572 3562 malitiae
595 3521 660 3563 suae
682 3498 807 3563 licentia
829 3498 1058 3572 debacchatur,
1081 3513 1117 3565 ut
1141 3500 1228 3587 quod
1250 3506 1281 3565 in

332 3600 447 3685 spiritu
462 3600 642 3685 patiuntur,
658 3601 831 3665 miserrime
846 3614 878 3665 et
900 3601 1138 3667 mendacissime
1153 3603 1283 3669 credant

332 3702 364 3765 in
393 3702 579 3786 corporibus
604 3701 737 3766 evenire.
783 3705 884 3780 Quale
908 3717 956 3768 est
983 3704 1070 3790 quod
1094 3705 1283 3769 nocticulam

331 3804 491 3891 quandam
508 3802 558 3865 vel
575 3802 803 3879 Herodiadem‚
819 3803 868 3867 vel
885 3804 1049 3888 praesidem
1066 3806 1168 3868 noctis
1183 3805 1284 3869 domi·

332 3928 402 3971 nam
415 3903 547 3970 concilia
558 3916 588 3968 et
604 3916 780 3968 conventus
791 3904 831 3967 de
843 3918 935 3971 nocte
946 3916 1089 3969 asserunt
1100 3926 1284 3985 convocare,

332 4008 420 4072 varia
431 4006 582 4071 celebrari
595 4005 750 4085 convivia,
762 4006 1008 4072 ministeriorum
1022 4005 1142 4091 species
1152 4006 1286 4076 diversis

332 4108 593 4195 occupationibus
622 4108 773 4184 exerceri,
803 4120 834 4173 et
868 4132 953 4173 nunc
980 4108 1059 4174 istos
1087 4108 1126 4172 ad
1158 4134 1284 4197 poenam

334 4210 416 4274 trahi
439 4234 500 4296 pro
523 4211 653 4291 meritiS,
677 4232 760 4275 nunc
786 4211 857 4275 illos
883 4211 923 4275 ad
951 4211 1083 4296 gloriam
1111 4213 1285 4281 sublimari.

336 4311 494 4375 Proeterea
516 4311 654 4377 infantes
675 4314 792 4399 exponi
818 4313 932 4388 lamiis,
955 4327 987 4378 et
1013 4337 1097 4378 nunc
1122 4316 1284 4380 frustatim

335 4408 520 4495 discerptos,
533 4411 620 4476 edaci
633 4411 774 4497 ingluvie
789 4413 820 4476 in
834 4427 974 4476 ventrem
987 4415 1135 4497 trajectos
1146 4418 1286 4499 congeri,
