3575 5575
717 758 942 803 ENTHETICUS.

396 906 534 994 Hispida
548 908 701 985 caesaries,
718 909 819 973 barba
833 908 933 972 recisa
948 929 1071 993 perum.

350 1006 462 1094 Sitque
477 1009 581 1093 gravis
596 1009 713 1089 vultus,
727 1010 791 1074 siut
806 1009 891 1074 frons
906 1008 1055 1095 oculique
1071 1006 1194 1093 pudici,

393 1110 604 1198 insontesque
619 1132 743 1188 manus,
760 1133 882 1198 pauper
897 1111 1032 1176 amiotus
1046 1111 1118 1177 erit.

348 1210 436 1277 Dum
453 1213 512 1278 tibi
528 1214 704 1279 conductus
719 1214 826 1292 fuerit,
841 1213 981 1279 securior
996 1212 1068 1290 ibis,

391 1313 436 1378 Et
450 1316 501 1379 via
515 1314 556 1379 sit
570 1315 706 1400 pedibus
721 1314 876 1402 quaelibet
891 1326 966 1400 apta
980 1314 1052 1380 tuis.

348 1415 394 1480 At
409 1419 435 1480 si
451 1416 599 1493 deluerit,
615 1416 725 1503 longas
740 1416 896 1503 protende
910 1415 1033 1497 dioetas,

392 1518 628 1604 contineatque
644 1518 742 1603 pedes
757 1516 886 1604 publiea
902 1528 1000 1583 strate
1014 1529 1094 1583 tuos.

349 1618 518 1704 Nusquam
533 1620 738 1700 divertitque
753 1620 825 1705 quis
840 1630 871 1683 te
886 1618 985 1683 laedat
998 1630 1142 1685 euntem.

393 1719 625 1806 Nugarumque
641 1720 709 1785 luat
723 1719 852 1804 garrula
866 1719 976 1803 lingue
991 1730 1090 1785 notas.

348 1820 478 1898 Omnia,
495 1822 521 1885 si
537 1821 649 1903 nescis,
664 1820 735 1885 loca
749 1831 823 1885 suut
837 1819 1021 1905 plenissima
1035 1818 1145 1904 nugis;

394 1923 541 1997 Quarum
557 1934 624 1988 tota
639 1922 750 1987 cohors
764 1932 813 1987 est
827 1921 957 1985 inimica
971 1921 1041 1988 tibi.

349 2024 493 2089 Ecclesia
508 2048 604 2110 uugae
620 2037 765 2111 regnant,
781 2036 814 2089 et
828 2022 980 2110 principis
995 2022 1085 2100 aula3

390 2128 429 2192 In
446 2128 584 2193 claustro
599 2141 745 2213 regnant,
761 2126 984 2213 pontificisque
999 2126 1104 2194 domo.

348 2230 387 2297 In
403 2231 496 2315 nugis
511 2230 626 2312 clerus,
641 2232 674 2296 iu
690 2231 783 2315 nugis
797 2229 910 2294 militis
923 2251 1017 2306 usus3

388 2325 427 2396 Iu
443 2332 536 2418 nugis
547 2334 697 2419 juvenes,
714 2347 844 2420 totaque
860 2331 956 2397 turba
970 2353 1095 2397 senum.

345 2435 496 2501 Rusticus
514 2436 547 2500 in
563 2436 667 2521 nugis,
681 2437 714 2499 iu
731 2436 824 2521 nugis
839 2458 934 2500 sexus
947 2445 1105 2521 uterque3

392 2540 520 2619 Servus,
535 2552 569 2605 et
583 2541 754 2627 ingenuus,
770 2540 869 2617 dives,
886 2561 1018 2624 egenus,
1032 2539 1065 2603 in
1080 2537 1139 2603 his.

345 2638 503 2707 Accelera
518 2664 654 2726 gressus,
671 2655 765 2706 cauto
780 2640 955 2726 diplomate
971 2662 1107 2725 pergens

388 2742 443 2806 Ad
457 2765 558 2823 mare,
573 2766 637 2829 quo
656 2741 776 2807 Morini
790 2742 900 2806 littora
915 2754 1022 2805 nostra
1037 2750 1161 2826 petunt.

346 2847 534 2932 Hospitium
551 2847 682 2911 tandem
698 2869 768 2911 sera
784 2867 857 2910 eum
872 2855 967 2910 nocte
982 2844 1115 2926 subibis,

388 2948 437 3012 Ut
451 2947 568 3026 valeas,
584 2959 653 3014 esto
667 2947 801 3026 sobrius,
818 2959 886 3012 esto
900 2947 1014 3032 gravis.

345 3051 435 3115 Gens
449 3051 647 3136 penetranda
657 3051 726 3127 tibi,
740 3050 906 3136 praelarga,
918 3050 1090 3136 bibaxque,
1102 3049 1297 3137 loquaxque,

386 3153 429 3218 Et
444 3154 507 3232 cui,
524 3153 557 3218 ui
574 3176 695 3218 morem
712 3154 857 3239 gesseris,
873 3153 971 3218 hostis
985 3152 1059 3219 eris.

344 3256 525 3340 Emergunt
539 3256 611 3321 lites
626 3256 774 3334 modicae,
789 3279 869 3343 quas
884 3278 1002 3340 magua
1017 3266 1195 3343 sequuntur

384 3359 507 3444 Jurgia,
523 3358 710 3424 vulneribus
725 3358 813 3440 foeta,
828 3380 1007 3445 necemque
1021 3358 1138 3424 ferunt.

344 3461 411 3524 Sed
424 3461 502 3547 quia
515 3461 667 3526 virtutem
682 3482 762 3545 gens
776 3460 891 3546 diligit,
907 3470 942 3525 et
957 3472 1136 3539 veneratur,

386 3563 422 3627 Si
436 3562 519 3628 bene
536 3564 675 3628 credaris
690 3565 806 3642 vivere,
825 3576 913 3630 tutus
928 3565 1000 3631 eris.

344 3664 418 3729 Non
435 3664 531 3730 modo
547 3676 635 3730 tutus
650 3666 723 3744 eris,
740 3667 795 3730 sed
811 3689 940 3731 summo
953 3667 1069 3751 dignus
1084 3667 1203 3731 honore

385 3767 534 3855 Quaeque
549 3767 630 3831 libet
644 3768 724 3846 fieri,
741 3780 857 3833 cuncta
870 3768 1005 3833 licenter
1021 3790 1091 3852 age.

345 3870 462 3935 Cantia
477 3880 509 3935 te
525 3868 601 3934 felix
616 3869 739 3954 genuit,
755 3880 788 3934 te
805 3869 923 3935 cantia
936 3869 1024 3948 fovit,

390 3974 527 4055 illustris
542 3996 667 4059 rogum,
682 3973 936 4061 pontificumque
950 3995 1076 4059 parens.

344 4076 409 4141 Hie
424 4077 483 4143 tibi
499 4077 645 4154 debetur,
661 4075 753 4141 sedes
768 4076 905 4164 finisque
920 4076 1085 4142 laborum:

388 4179 449 4245 llla
463 4179 522 4244 tibi
539 4179 683 4266 requiem
699 4191 870 4267 praeparat,
886 4180 941 4244 illa
956 4180 1098 4245 domum.

348 4280 526 4364 Anglorum
542 4282 651 4346 sedem
668 4283 803 4368 primam
820 4295 906 4370 pete,
923 4282 989 4347 sive
1008 4281 1193 4363 Britonum3

391 4382 425 4446 Si
443 4382 610 4448 Britonurn
629 4386 729 4451 mavis
743 4387 860 4464 dicere,
877 4408 974 4450 nemo
990 4397 1086 4450 vetat.
