3575 5575
1015 799 1137 857 160
1531 816 1806 861 JOANNIS
1840 817 2396 865 sAREsBEmnnsts
2639 807 2803 886 [Lm.
2839 827 2910 871 11.

1010 968 1234 1042 tiones,
1274 964 1512 1052 quibus
1555 966 1913 1051 apparebit,
1955 969 2131 1055 quod
2179 972 2310 1034 vita
2354 971 2493 1058 ejus
2533 996 2657 1037 non
2698 976 2910 1042 fuerat

1009 1068 1277 1133 ulterius
1307 1067 1763 1152 protendenda.
1830 1070 1920 1133 Et
1964 1082 2037 1134 ut
2079 1070 2337 1146 dicitur,
2370 1095 2536 1158 quos
2580 1074 2770 1160 longa
2814 1077 2911 1140 af-

1007 1171 1312 1236 flixerunt
1363 1167 1598 1244 inedia,
1633 1169 1768 1255 jam
1822 1171 2093 1235 mortuis
2137 1172 2622 1239 sorbitiunculas
2667 1176 2908 1243 faciunt

1004 1290 1068 1338 et
1108 1271 1386 1347 inutileS‚
1416 1285 1481 1335 et
1522 1270 1825 1335 delicatos
1861 1287 2226 1358 praeparant
2270 1274 2462 1339 cibos.
2553 1279 2908 1365 Exspectas

1005 1377 1173 1439 forte
1215 1387 1287 1438 ut
1329 1373 1537 1438 dicam
1570 1373 1747 1459 quod
1788 1373 1944 1439 dicit
1976 1374 2277 1462 populus„
2312 1377 2464 1462 quia
2493 1378 2558 1440 hi
2605 1394 2752 1446 sunt
2790 1382 2904 1468 qui

1008 1478 1289 1542 homines
1316 1474 1770 1541 officiocissime
1799 1477 2119 1541 occidunt.
2211 1478 2335 1542 Sed
2367 1479 2625 1545 frustra.
2717 1484 2901 1548 Absit

1006 1582 1196 1658 enim,
1228 1591 1301 1643 ut
1343 1579 1504 1641 hanc
1546 1579 1991 1643 contumeliam
2033 1580 2375 1664 proferam,
2407 1604 2598 1666 quam
2649 1583 2699 1646 si
2740 1584 2906 1650 forte

1005 1682 1227 1748 audire
1286 1679 1579 1754 volueris,
1628 1681 1950 1759 Senecam,
2003 1681 2284 1745 Plinium
2346 1682 2560 1758 adeaS,
2606 1699 2670 1748 et
2728 1685 2914 1749 Sido-

1005 1784 1208 1860 nium,
1248 1782 1361 1868 qui
1398 1782 1517 1845 hoc
1562 1781 1625 1845 in
1671 1781 1937 1847 auribus
1981 1784 2108 1849 tuis
2151 1783 2422 1848 clamore
2468 1786 2680 1852 valido
2724 1788 2912 1874 repli-

1000 1886 1258 1951 cabunt.

1580 2233 1865 2297 LIBER
1910 2235 2331 2302 TERTIUS.

1764 2410 2126 2456 PROLOGUS.

1089 2523 1345 2585 Hos‘rls
1401 2515 1747 2580 multorum
1810 2516 1918 2594 fio,
1969 2517 2123 2581 dum
2183 2518 2453 2605 ineptias
2512 2534 2895 2603 nugatorum

1001 2621 1279 2689 excutio.
1372 2620 1515 2697 Qua
1566 2618 1647 2682 de
1691 2641 1882 2682 causa
1920 2620 2104 2684 otiari
2145 2620 2543 2686 decreveram
2591 2636 2655 2687 et
2702 2621 2905 2685 silere,

1003 2727 1115 2791 sed
1176 2725 1447 2790 alterum
1494 2720 1646 2784 mihi
1694 2724 2092 2807 negotiorum
2142 2722 2462 2787 tumultus
2505 2726 2773 2804 excutit,
2818 2724 2905 2787 al-

996 2842 1205 2894 terum
1249 2840 1462 2891 motus
1505 2823 1698 2888 animi
1732 2824 2164 2911 interrumpit.
2257 2825 2382 2902 Qui
2423 2826 2589 2890 enim
2634 2827 2754 2891 sub
2786 2848 2898 2912 po-

997 2940 1226 2992 testate
1270 2927 1652 2989 constitutus
1703 2936 1823 3003 est,
1866 2924 1919 2989 si
1967 2925 2130 3010 sapit
2174 2926 2574 3011 obtemperat
2629 2926 2897 3012 imperio

996 3027 1417 3116 praesidentis,
1503 3027 1706 3102 Quem
1740 3026 1982 3090 stimuli
2011 3028 2358 3094 affectuum
2405 3044 2732 3116 pungunt,
2778 3028 2904 3092 dis-

997 3127 1294 3195 simulare
1323 3151 1451 3193 non
1482 3138 1710 3213 potest,
1741 3129 1899 3213 quin
1947 3140 2278 3192 moveatur
2322 3130 2404 3193 ad
2446 3131 2713 3193 formam
2759 3149 2901 3215 pas·

995 3232 1209 3298 sionis.
1298 3229 1572 3295 Exultat
1623 3250 1777 3313 ergo
1831 3251 2024 3315 quem
2075 3228 2298 3314 gaudii
2351 3254 2509 3295 aura
2561 3230 2902 3306 demulcet,

996 3353 1138 3417 spes
1167 3330 1414 3395 inducit
1453 3330 1864 3406 hilaritatem,
1896 3343 2106 3395 metus
2137 3332 2438 3418 trepidat,
2468 3330 2741 3395 dolentis
2770 3329 2904 3394 ani-

996 3455 1142 3496 mus
1197 3454 1468 3497 moerore
1525 3428 1952 3495 confunditur.
2044 3433 2206 3497 Haec
2258 3432 2431 3518 apud
2485 3431 2767 3517 singulos
2818 3433 2908 3497 al-

995 3547 1203 3600 ternat
1233 3533 1428 3598 facies
1455 3531 1607 3596 boni
1636 3544 1750 3597 aut
1787 3533 1963 3601 mali.
2053 3532 2293 3598 Verum
2340 3557 2559 3598 sensus
2587 3535 2901 3600 malorum

991 3637 1178 3701 altior
1208 3648 1327 3713 est,
1358 3649 1421 3700 et
1453 3634 1685 3722 saepius
1714 3635 1777 3698 in
1819 3659 2036 3701 omnes
2075 3637 2383 3717 incurrit3
2428 3638 2575 3725 quis
2605 3651 2698 3703 est
2732 3638 2897 3701 enim

992 3737 1106 3824 qui
1134 3735 1443 3801 malorum
1475 3736 1817 3822 asperitate
1860 3738 2095 3824 saepius
2135 3761 2261 3803 non
2294 3753 2541 3816 uratur,
2566 3761 2760 3824 quam
2791 3737 2901 3801 de-

989 3840 1347 3905 mulceatur
1390 3839 1671 3903 fomento
1715 3838 2081 3903 bonorum?
2158 3843 2370 3905 Rarus
2410 3853 2529 3921 est,
2556 3839 2670 3925 qui
2703 3836 2901 3903 totius

988 3940 1264 4006 fortunae
1293 3942 1603 4027 impetum
1631 3963 1670 4003 a
1699 3962 1764 4003 se
1796 3951 1935 4004 toto
1959 3942 2156 4026 possit
2180 3964 2414 4007 arcere.
2505 3940 2630 4020 Qui
2654 3939 2785 4006 suis
2809 3938 2901 4003 vi-

989 4040 1168 4103 ribus
1209 4041 1536 4127 praevalet,
1583 4049 1695 4107 aut
1737 4042 1805 4105 in
1852 4043 2038 4105 amici
2084 4056 2197 4107 aut
2237 4042 2568 4107 familiaris
2614 4063 2899 4127 corpore,

990 4142 1089 4206 vel
1120 4150 1286 4205 sorte
1317 4154 1616 4207 tentatur.
1710 4141 1895 4208 Licet
1938 4166 2165 4229 parum
2209 4141 2527 4207 humanus
2567 4143 2672 4220 sit,
2704 4166 2897 4229 quem

987 4258 1431 4311 extraneorum
1463 4244 1719 4330 jactura
1756 4268 1884 4310 non
1928 4248 2245 4311 concutit:
2324 4266 2450 4309 non
2494 4244 2647 4307 satis
2704 4244 2900 4308 homo

987 4362 1080 4414 est
1110 4370 1296 4436 quem
1332 4346 1532 4413 aliena
1562 4370 1685 4412 non
1718 4362 1998 4414 movent.
2083 4347 2209 4414 Sed
2244 4344 2736 4434 sapientioribus
2756 4346 2890 4431 jam

987 4453 1155 4518 venit
1215 4453 1278 4518 in
1339 4452 1636 4530 dubium,
1690 4475 1770 4517 an
1801 4453 2149 4539 quicquam
2211 4450 2509 4529 hominis,
2564 4461 2732 4515 recte
2786 4450 2911 4515 sit.-
