3575 5575
488 747 546 807 106
727 759 864 805 Joasms
879 759 1161 805 sanasaealansts
1296 743 1381 822 [nm.
1398 764 1436 808 11.

480 910 682 976 institutione
697 913 770 986 Dei,
786 909 956 975 striaturae
972 909 1134 984 beneflcio,
1157 887 1304 997 qiioedam
1324 912 1437 977 futura

480 1012 580 1098 signis
593 1012 803 1098 praeveniunt.
828 1013 861 1075 Si
872 1012 973 1097 igitur
981 1012 1120 1076 coelestia
1131 1013 1222 1098 signa
1230 1026 1305 1079 suut
1317 1036 1435 1092 rerum,

481 1139 557 1201 quae
578 1114 691 1202 procul
710 1113 809 1180 dubio
819 1127 964 1178 venturae
984 1126 1058 1178 sunt
1075 1114 1367 1201 necessario,qunm
1383 1138 1436 1182 eas

482 1216 690 1282 immutabilis
712 1212 877 1301 dispositio
899 1215 1106 1295 ordinaverit,
1129 1215 1207 1301 quid
1231 1216 1435 1303 prohibetae

482 1341 556 1405 quoe
570 1319 744 1382 coelestium
755 1315 1015 1404 praenunciantur
1028 1314 1146 1377 indicio
1161 1314 1235 1380 sciri
1249 1315 1291 1380 ab
1307 1315 1433 1379 homine

482 1430 515 1484 et
530 1417 649 1483 homini
663 1415 797 1481 invicem
821 1415 982 1480 indicari?
1006 1415 1104 1499 Signa
1127 1414 1284 1501 siquidem
1300 1414 1434 1478 homini-

483 1522 542 1584 bus
557 1521 633 1584 data
644 1518 768 1584 suntad
784 1517 1008 1593 eruditionem,
1021 1537 1082 1577 non
1095 1512 1170 1592 illis,
1185 1515 1240 1601 qui
1255 1514 1432 1579 coelestium

480 1620 594 1686 conscii
610 1633 801 1684 secretorum
818 1616 916 1682 nuliis
929 1615 1075 1700 indigent
1091 1614 1199 1699 signis.

483 1915 563 1998 Cap.
580 1918 631 1976 20.
656 1911 750 1986 Quod
759 1910 968 1993 providentio
986 1911 1052 1974 Dei
1065 1892 1175 1974 rerum
1198 1916 1354 1973 notarem
1369 1929 1435 1972 non

522 2013 664 2095 perimit,
678 2033 780 2093 neque
794 2013 889 2074 series
904 2031 1014 2074 rerum
1027 2013 1178 2074 immutat
1184 2011 1434 2093 providentiam,

526 2122 557 2180 ei
571 2115 658 2197 quod
669 2115 802 2178 liberum
817 2114 987 2176 arbitrium
1000 2119 1111 2176 manet
1123 2133 1197 2176 cum
1208 2113 1424 2195 prouidentia.

524 2317 731 2380 Panasamm
745 2312 874 2398 quidem
891 2302 965 2377 suut
981 2311 1060 2388 haec,
1076 2334 1150 2397 quoe
1167 2324 1361 2396 proponunt,
1374 2310 1431 2374 sed

482 2429 587 2482 tamen
602 2437 759 2479 venenum
774 2414 826 2477 hic
841 2414 901 2477 sub
915 2413 1008 2478 melle
1022 2413 1110 2478 latet.
1156 2414 1299 2477 Fatalem
1314 2413 1432 2477 etenim

481 2518 642 2603 quandam
659 2519 873 2581 necessitatem
889 2516 986 2580 rebus
1003 2514 1173 2601 imponunt
1187 2514 1248 2578 sub
1271 2524 1433 2597 praetextu

480 2617 669 2684 humilitatis
683 2631 715 2682 et
726 2617 910 2682 reverentiae
926 2617 999 2692 Dei,
1016 2616 1164 2681 timentes
1178 2637 1218 2679 ue
1232 2614 1316 2679 forte
1332 2614 1433 2699 ipsius

480 2735 654 2786 evacuetur
676 2720 853 2805 dispositio,
885 2718 943 2782 nisi
967 2740 1074 2782 rerum
1104 2728 1236 2782 eventus
1264 2715 1432 2780 necessitas

479 2823 659 2888 comitetur.
706 2820 866 2886 Praeterea
888 2817 1093 2906 privilegium
1118 2816 1235 2881 divinoe
1263 2817 1434 2903 majestatis

479 2924 676 3007 irrumpunt,
692 2921 853 2985 scientiam
876 2919 1091 2995 vendicantes,
1105 2941 1172 3005 qua
1194 2931 1338 3005 tempora
1352 2938 1436 3003 proe·

481 3024 610 3087 videant
625 3036 656 3087 et
674 3041 842 3098 momenta,
852 3044 927 3107 quae
942 3021 999 3085 filii
1015 3020 1205 3100 testimonio,
1220 3019 1320 3105 patris
1334 3040 1433 3083 reser-

482 3136 557 3188 vata
572 3112 645 3188 sunt
667 3123 828 3209 potestati,
851 3123 931 3187 adeo
949 3121 1080 3208 quidem
1107 3134 1142 3185 ut
1163 3120 1349 3185 abscondita
1373 3119 1436 3192 siut

482 3223 523 3286 ab
534 3223 633 3286 oculis
648 3244 770 3300 eorum,
780 3222 900 3308 quibus
909 3221 972 3289 Dei
985 3220 1070 3285 filius
1079 3242 1281 3305 quaecuuque
1290 3219 1434 3283 audierat

481 3335 604 3409 apatre
625 3324 785 3410 patefecit.
830 3323 958 3387 Deinde
980 3336 1101 3387 mentes
1122 3321 1287 3386 hominum
1310 3333 1436 3384 tumore

481 3423 626 3489 elationis
647 3424 817 3502 extollunt,
840 3436 898 3488 aut
920 3420 1149 3508 desperationis
1172 3421 1436 3507 pusillanimitate

480 3536 697 3612 prosternunt,
718 3525 796 3589 dum
819 3524 870 3588 vel
892 3525 988 3589 vitam
1011 3523 1212 3605 diuturnam,
1235 3537 1292 3589 aut
1323 3523 1436 3589 mundi

480 3650 632 3714 prospera
641 3624 828 3713 dejiciendis
839 3626 1045 3712 promittuut,
1054 3625 1105 3689 vel
1116 3648 1133 3689 e
1145 3641 1256 3691 contra
1267 3627 1433 3690 imminen-

482 3732 527 3807 tia
535 3730 615 3807 fata,
624 3742 682 3794 aut
694 3727 791 3793 seculi
807 3727 941 3793 adversa
952 3726 1293 3812 minanturerigendis.
1340 3728 1437 3790 Certe

480 3831 671 3914 superiorem
689 3830 823 3909 timoris,
833 3827 885 3893 vel
896 3827 1079 3892 inferiorem
1094 3828 1161 3912 spei
1176 3823 1435 3909 molam,quibus

481 3929 583 3993 fidelis
595 3933 700 3995 anima
709 3932 743 3994 in
754 3954 826 3995 area
832 3930 947 3995 mundi
958 3929 1084 4005 teritur,
1095 3927 1206 3993 tollere
1212 3927 1436 4013 prohibentur.

483 4029 619 4094 Tolluut
634 4044 738 4096 tamen
761 4032 874 4096 tamin
898 4055 1000 4111 suam,
1014 4043 1047 4095 et
1066 4028 1226 4093 clientulae
1248 4049 1315 4091 suae
1330 4026 1435 4113 perni-

481 4130 572 4210 ciem,
581 4153 678 4215 quam
687 4131 720 4193 in
729 4132 953 4195 contumeliam
963 4129 1173 4217 prohibentis.
1217 4125 1434 4193 Verumsicut

481 4231 575 4295 series
598 4254 704 4295 rerum
727 4232 788 4297 Dei
811 4232 1043 4318 providentiam
1065 4253 1128 4295 non
1150 4230 1312 4306 immutat,
1335 4228 1434 4293 sicet

479 4346 600 4400 aeterna
614 4333 789 4419 dispositio,
804 4357 910 4399 rerum
922 4347 1067 4399 naturam
1084 4355 1146 4398 non
1158 4332 1295 4418 perimit.
1319 4332 1434 4415 Neque
