3575 5575
335 789 407 835 oae.
422 773 485 849 v1.]
694 783 947 831 aonronamcns.
1249 766 1291 828 87

334 938 421 1003 tione
436 940 621 1025 quiesceret.
654 937 700 1002 Ut
714 958 789 999 vero
804 934 945 998 nondum
970 932 1127 999 reveletur
1142 931 1282 1019 spiritus,

333 1038 389 1124 qui
412 1038 491 1104 latet
512 1040 544 1104 in
568 1038 670 1117 litera,
692 1037 910 1123 aequissimum
932 1046 981 1100 est
1002 1034 1139 1099 animam
1159 1033 1285 1118 cognati

331 1142 457 1223 generis
465 1141 569 1227 gratia
580 1161 805 1218 mansuescere,
816 1149 848 1203 et
860 1159 984 1201 omnem
997 1136 1160 1202 dediscere
1170 1134 1285 1199 aliena·
1337 1188 1340 1193 .

332 1242 572 1329 tionem,quum
587 1242 615 1306 ei
631 1241 758 1327 proprie
773 1252 945 1304 concentus
959 1237 1100 1323 originis,
1111 1250 1144 1303 et
1159 1249 1285 1301 naturae

332 1343 470 1409 melioris
479 1367 593 1409 arcana
603 1342 768 1407 resultant.
790 1346 872 1407 Eam
882 1364 923 1405 ex
935 1343 1148 1405 consonantiis
1157 1337 1285 1402 musicis

329 1463 396 1504 esse
420 1441 638 1527 compositam,
658 1463 754 1525 quam
776 1426 989 1524 plurimorum
1011 1440 1120 1524 opinio
1143 1438 1192 1502 rel
1214 1461 1283 1503 sen-

329 1542 429 1605 tentia
442 1555 501 1607 est.
546 1540 665 1605 Totius
676 1541 761 1629 cpirp
757 1539 1281 1626 pbfflispphifflpnucepfflato,

330 1641 931 1729 (Qffl-„Qsshssmwttssuml
947 1663 1049 1725 quum
1065 1660 1134 1703 eam
1150 1662 1191 1703 ex
1206 1641 1281 1705 sub-

328 1744 446 1808 stantia
461 1743 592 1808 dividua
604 1761 636 1808 et
652 1741 818 1807 individua
832 1741 986 1821 finxisset,
997 1754 1029 1805 et
1043 1741 1152 1807 eadem
1165 1754 1281 1805 natura

326 1832 495 1931 plasmaret
515 1854 547 1908 et
565 1841 725 1923 diversa,
716 1864 818 1930 ipsam
842 1864 905 1907 non
929 1866 1022 1928 posse
1045 1856 1189 1909 constare
1212 1865 1278 1907 cre·

324 1944 421 2024 didit,
431 1946 489 2010 nisi
501 1943 649 2024 limitum,
662 1944 717 2031 qui
729 1944 891 2029 utrimque
903 1942 1077 2008 multifaria
1088 1945 1226 2009 sectione
1237 1945 1278 2009 ab

326 2046 446 2117 unitate
461 2045 691 2132 profluxerant,
713 2044 943 2120 dissidentiam,
960 2044 1125 2121 hemioliis,
1140 2045 1278 2134 epitritis

324 2161 358 2213 et
392 2148 545 2243 emgdpis
580 2148 691 2213 uniret.
744 2146 878 2213 Limatis
906 2159 938 2211 et
973 2146 1139 2211 commatis
1168 2147 1277 2214 habita

325 2248 457 2326 ratione,
469 2261 505 2313 ut
515 2248 576 2312 sub
587 2248 786 2333 expressione
796 2247 1020 2332 paucorum,ei
1029 2260 1276 2339 quantacunque

325 2348 476 2413 distantia
510 2348 757 2433 repugnantium
773 2346 971 2425 'concordia
1001 2348 1126 2433 cognati
1154 2347 1279 2432 generis

326 2449 473 2515 societate
484 2450 637 2515 doceatur
648 2473 714 2514 esse
730 2449 873 2519 finitima.
901 2448 999 2514 Unde
1010 2472 1124 2514 arcano
1135 2450 1275 2537 quodam

325 2538 589 2629 meorumnam,
611 2552 802 2637 secretisque
823 2551 991 2631 cuniculis,
1009 2551 1188 2617 vivacitatis
1209 2576 1276 2617 suae

325 2652 434 2736 vigore
454 2674 512 2738 per
530 2653 678 2716 universa
700 2651 861 2728 discurrit,
882 2663 914 2714 et
936 2650 1038 2715 cuivis
1056 2664 1181 2716 naturae
1201 2658 1279 2719 sub‘-·

324 2752 511 2838 stantiaeque
525 2748 705 2830 conformis,
716 2748 858 2826 rationis,
874 2771 994 2826 sensus,
1004 2751 1080 2815 vitae
1094 2752 1127 2815 in
1142 2752 1275 2837 singulis

322 2876 382 2938 pro
408 2853 526 2916 divinae
551 2850 796 2938 dispensationis
819 2849 948 2916 decreto
969 2851 1138 2918 efficaciam
1160 2855 1273 2921 modu}

323 2953 418 3018 latur.
464 2952 621 3018 Omnibus
645 2953 754 3038 itaque
783 2951 933 3016 alimenta
961 2952 1135 3040 dispensat,
1160 2968 1192 3019 et
1222 2959 1273 3022 sui

322 3055 461 3142 puritate
470 3055 556 3140 viget
569 3055 601 3118 in
614 3055 756 3140 singulis,
767 3057 829 3119 nisi
841 3054 933 3120 molis
944 3079 1104 3143 corporeae
1113 3060 1271 3143 gravitate

319 3170 501 3244 prematur;
536 3170 592 3222 aut
619 3157 880 3241 tranquillitatem
910 3159 1053 3244 spiritus,
1077 3160 1270 3226 exteriorum

321 3259 521 3328 tumultuum
546 3259 678 3346 spiritus
703 3258 872 3323 concutiat.
916 3262 992 3334 Qua
1013 3263 1166 3341 irruente,
1190 3262 1270 3349 quid

319 3374 426 3446 potest
451 3385 517 3426 esse
547 3361 715 3441 salubrius,
741 3384 838 3458 quam
866 3361 904 3440 si,
927 3373 965 3435 ut
990 3362 1037 3426 ita
1061 3362 1177 3441 dicam,
1203 3367 1269 3431 suis

318 3475 442 3526 naturae
458 3464 587 3530 vocibus
601 3486 621 3526 a
635 3466 863 3550 compressione
877 3463 1045 3527 turbarum
1061 3464 1102 3530 ad
1118 3488 1151 3530 ae
1165 3466 1267 3552 ipsam

316 3556 421 3627 anima
443 3563 632 3628 revocetur?
666 3565 751 3643 Quid
773 3565 913 3651 denique
935 3582 1113 3636 nostrorum
1138 3568 1266 3653 spiritui

316 3675 420 3751 potest
433 3685 499 3728 esse
508 3664 642 3729 similius
652 3670 747 3736 vore?
763 3689 837 3752 quae
848 3687 951 3760 quum
961 3667 1013 3732 bic
1022 3667 1188 3746 formetur,
1200 3684 1266 3733 tam

315 3765 411 3847 facili,
426 3788 522 3852 quam
544 3764 696 3830 invisibili
711 3780 742 3831 et
763 3766 915 3836 ineffabili
938 3768 1073 3831 transitu
1091 3768 1263 3834 multorum

314 3868 564 3955 circumquaque
579 3867 681 3953 replet
695 3868 852 3945 auditum,
867 3880 900 3932 et
916 3869 945 3931 vi
961 3889 1019 3931 sua
1034 3890 1201 3954 corporum
1217 3872 1266 3936 in-

315 3984 443 4056 tegram,
460 3959 605 4072 penetrat
627 3970 828 4052 densitatem,
846 3983 878 4036 et
900 3965 993 4056 quasi
1016 3983 1104 4042 tactu
1123 3973 1263 4057 quodam

313 4086 419 4138 movet
434 4074 586 4155 animum,
601 4086 633 4138 et
646 4096 706 4160 pro
720 4070 851 4137 arbitrio
871 4095 929 4137 suo
945 4093 1029 4137 nunc
1043 4071 1162 4159 dejicit,
1178 4097 1264 4142 nunc

313 4173 447 4238 extollit.
493 4177 601 4255 Certe,
623 4173 681 4238 etsi
708 4173 795 4238 nulla
821 4173 1013 4267 rationegt
1017 4174 1180 4270 pintus,
1192 4199 1260 4241 eam

312 4270 526 4358 quoddam
491 4251 675 4357 vebiculum
683 4253 921 4364 spliii'dssssie
906 4273 1119 4360 certissimum
1130 4290 1187 4339 est.
1214 4279 1260 4342 Et

313 4391 398 4432 nunc
409 4373 537 4455 quidem
549 4357 736 4452 humanum,
747 4399 831 4440 nunc
843 4376 998 4451 ditinum,
1011 4389 1136 4439 nuncet
1148 4376 1262 4460 pytho-
