3575 5575
495 821 558 879 aot
753 831 888 876 maurus
905 828 1183 875 sssnsssmsusrs
1316 808 1400 888 [cns.
1417 828 1447 872 v.

495 996 552 1046 aut
574 982 743 1045 brutorum
765 980 949 1046 animalium
978 1003 1039 1064 ope
1061 981 1257 1046 movebitur.
1302 977 1399 1042 Ponit
1413 977 1446 1040 in

497 1084 582 1148 hunc
598 1082 739 1164 modum,
753 1105 840 1147 more
862 1106 932 1163 suo,
946 1104 1043 1168 quam
1059 1081 1208 1167 plurima,
1222 1103 1297 1167 quae
1312 1079 1444 1166 diligen-

497 1184 561 1249 tius
576 1185 739 1249 diffusiore
753 1197 892 1250 tractatu
908 1183 1124 1270 prosequitur,
1137 1183 1178 1248 ad
1189 1180 1444 1249 informationem

498 1285 710 1371 Reipublicae,
746 1299 777 1351 et
806 1286 1051 1371 magistratuum
1082 1285 1305 1349 eruditionem.
1364 1285 1445 1361 Quae

497 1386 603 1449 omnia
618 1385 797 1471 syllabatim
813 1388 940 1470 exequi,
957 1386 1078 1450 servilis
1101 1383 1372 1470 interpretationis
1386 1396 1445 1458 est,

497 1509 571 1572 quae
592 1485 700 1572 potius
714 1487 840 1552 affectat
857 1486 1004 1572 speciem,
1020 1509 1119 1573 quam
1134 1487 1219 1550 vires
1233 1485 1372 1549 auctoris
1393 1507 1448 1548 ex-

497 1588 643 1674 primere.
689 1588 734 1652 Et
749 1587 825 1673 quia
839 1586 927 1674 apud
950 1587 1053 1673 ipsum
1070 1587 1110 1651 de
1125 1585 1318 1662 ceremoniis,
1335 1597 1367 1648 et
1381 1583 1447 1647 cul-

497 1700 571 1754 tura
593 1690 747 1769 Deorum,
768 1687 863 1773 plura
884 1711 959 1775 quae
984 1689 1132 1774 religioso
1153 1686 1290 1774 principi
1312 1686 1447 1772 putabat

496 1790 679 1876 ingerenda,
695 1789 947 1876 superstitiosius
967 1789 1131 1875 disputata
1146 1799 1230 1868 sunt,
1251 1788 1300 1852 his
1314 1787 1446 1862 omissis,

497 1915 571 1978 quae
593 1893 635 1956 ad
655 1891 843 1956 idololatriae
865 1895 988 1956 cultum
1010 1891 1181 1976 pertinent,
1199 1889 1448 1976 perstringamus

497 1995 637 2059 breviter
666 2015 792 2057 sensum
821 1992 971 2070 hominis,
994 2015 1060 2078 quo
1085 1992 1271 2079 principem,
1292 2004 1324 2057 et
1345 1990 1447 2057 officia

498 2094 697 2180 Reipublicae
712 2093 753 2157 ad
768 2094 890 2159 cultum
903 2094 1041 2180 justitiae
1055 2094 1258 2160 informabat.

499 2400 578 2483 Cap.
594 2407 625 2464 8.
652 2399 735 2467 Quae
746 2403 916 2483 praecipue
930 2407 1098 2466 versentur
1111 2405 1148 2465 in
1168 2402 1347 2467 intentione
1369 2401 1449 2464 Plu·

540 2503 664 2564 torclti:
694 2510 726 2565 et
749 2505 987 2567 dereoerentia
1010 2504 1188 2567 cohibendo
1209 2504 1288 2582 Deo,
1310 2501 1448 2565 elredus

541 2624 655 2668 sacras.

543 2773 583 2840 lu
599 2798 725 2843 summa
735 2798 813 2862 ergo
831 2789 969 2862 quatuor
986 2790 1073 2858 sunt,
1087 2802 1160 2863 quae
1175 2777 1288 2844 nititur
1307 2774 1447 2861 Reipub-

499 2875 568 2940 licae
590 2876 788 2961 principibus
809 2876 988 2940 inculcare:
1011 2878 1219 2942 reverentiam
1235 2877 1309 2953 Dei,
1326 2875 1447 2942 cultum

498 2977 558 3052 sui,
586 2976 783 3061 disciplinam
806 2976 1003 3055 officialium,
1026 2990 1057 3043 et
1072 2989 1278 3064 potestatum,
1300 2978 1447 3042 affectum

499 3093 531 3143 et
550 3078 783 3165 protectionem
804 3077 1019 3145 subditorum.
1064 3083 1172 3145 Deum
1192 3103 1269 3166 ergo
1282 3080 1315 3143 in
1335 3079 1448 3167 primis

498 3182 608 3247 asserit
630 3180 862 3260 honorandum,
884 3179 999 3247 deinde
1020 3182 1159 3269 seipsum
1188 3182 1357 3247 colendum
1381 3180 1450 3247 uni-

499 3284 625 3367 cuique,
642 3295 678 3347 ut
693 3282 867 3346 secuudum
882 3280 970 3368 quod
987 3284 1278 3370 Apostolussentit,
1294 3282 1381 3365 (licet
1395 3282 1449 3345 ille

500 3381 694 3467 Apostolum
710 3405 771 3445 non
787 3388 949 3467 agnoscat)
967 3384 1188 3471 unusquisque
1198 3406 1253 3448 vas
1267 3404 1360 3447 suum
1376 3404 1447 3468 pos-

499 3484 601 3549 sideat
611 3486 644 3548 iu
656 3481 900 3547 sanctificatione
911 3497 942 3549 et
955 3485 1081 3551 honore.
1127 3488 1216 3562 Post,
1227 3496 1263 3551 ut
1272 3485 1447 3549 doctrinam

500 3580 663 3670 praepositi
678 3581 777 3646 totius
791 3580 960 3668 disciplina
974 3583 1088 3651 domus
1107 3583 1258 3663 redoleat,
1272 3597 1304 3649 et
1320 3582 1447 3649 tandem

500 3684 688 3753 universitas
703 3683 929 3769 subjectorum,
944 3686 985 3749 de
999 3686 1113 3773 capitis
1130 3687 1372 3774 praepositorum
1389 3685 1448 3749 sibi

499 3784 718 3852 incolumitate
746 3784 883 3850 laetetur.
930 3788 1126 3872 Magnorum
1155 3811 1284 3875 quoque
1307 3787 1447 3851 virorum

500 3888 778 3975 strategematibus
795 3900 827 3952 et
847 3890 1111 3972 strategematicis
1125 3891 1240 3967 utitur,
1264 3912 1335 3976 quae
1351 3888 1448 3971 siper

500 3989 626 4071 singula
640 3990 829 4068 inserantur,
845 3989 978 4054 taediosa
993 4004 1087 4055 erunt
1102 3991 1223 4068 lectori,
1238 4004 1270 4055 et
1285 4013 1344 4075 pro
1358 4000 1448 4075 parte

500 4112 520 4154 a
545 4089 618 4152 fidei
640 4103 757 4154 nostrae
772 4090 951 4157 sinceritate
973 4092 1131 4157 recedent.
1178 4094 1350 4168 Caeterum,
1373 4091 1450 4177 quia

500 4190 600 4255 sancti
628 4204 746 4276 patres,
777 4204 808 4255 et
844 4192 1027 4279 principum
1055 4191 1152 4276 leges,
1190 4191 1276 4257 illius
1312 4193 1450 4258 deducta

501 4306 606 4357 tamen
618 4292 763 4378 perfidia,
775 4293 931 4361 videntur.
940 4294 1096 4359 inhaerere
1108 4294 1263 4379 vestigiis,
1274 4294 1448 4359 doctrinam

501 4397 580 4481 rjus,
596 4418 738 4462 sermone
753 4396 908 4461 catholico
923 4410 955 4463 et
972 4396 1141 4473 succincto,
1158 4396 1291 4482 adjectis
1305 4420 1344 4461 ex
1360 4408 1451 4481 parte
