3575 5575
496 766 536 825 tt
755 778 893 824 scaurus
907 778 1183 825 sannsnsarsusrs
1320 764 1404 838 [nna.
1422 780 1445 825 r.

493 942 607 1015 gerunt
621 931 836 1015 amplissimos
855 933 1067 1013 magistratus.
1113 930 1210 1005 Quod
1223 932 1308 995 enim
1323 932 1358 995 in
1372 934 1445 997 aliis

492 1034 631 1097 futurum
660 1042 728 1097 erat
751 1034 880 1098 levioris
907 1035 1023 1117 culpae,
1049 1034 1112 1097 hoc
1141 1033 1265 1097 inistis
1293 1054 1379 1117 saepe
1406 1034 1444 1097 fit

493 1133 645 1199 criminis.
689 1135 734 1197 Et
749 1133 880 1218 quidem
902 1155 1028 1218 semper
1048 1134 1168 1217 majora
1182 1142 1256 1195 sunt
1271 1155 1345 1217 quse
1359 1136 1443 1198 cele·

492 1235 600 1298 bratos
625 1244 809 1299 contractus
831 1234 1026 1313 rescindunt,
1048 1256 1146 1319 quam
1165 1254 1238 1318 quae
1262 1234 1445 1318 impediunt

492 1336 739 1399 contrahendos.
765 1336 865 1400 Porro
882 1336 923 1399 de
938 1337 1063 1415 virtute,
1078 1346 1111 1399 et
1124 1336 1256 1399 verimte
1271 1355 1444 1413 canonum,

490 1436 637 1500 venatica
652 1436 812 1500 clientulis
831 1437 898 1500 suis
920 1456 984 1499 non
1003 1436 1100 1499 modo
1121 1434 1240 1499 claudit
1254 1456 1442 1512 ascensum3

490 1536 547 1600 sed
570 1537 688 1600 summi
711 1536 882 1601 sacerdotii
905 1537 1038 1618 gradm
1058 1536 1171 1600 adimit
1188 1534 1257 1619 jam
1273 1536 1441 1619 adeptum.

489 1638 646 1701 Praeclare
661 1637 743 1700 illud
762 1648 798 1701 ut
820 1639 923 1701 multa
936 1638 1034 1701 sertor
1047 1638 1172 1701 dixisse
1188 1637 1441 1703 Themistocles:

487 1738 695 1821 Magistratus
715 1760 735 1802 a
754 1739 839 1802 ludis
858 1750 891 1803 et
910 1739 1156 1824 quibuscunque
1176 1737 1349 1803 levioribus
1370 1761 1442 1803 esse

489 1838 655 1917 arcendos,
669 1860 712 1901 ne
729 1839 912 1921 respublica
925 1838 1035 1905 ludere
1048 1839 1203 1917 videatur,
1219 1839 1442 1923 defectumque

489 1938 550 2015 sui,
559 1940 670 2002 relicta
685 1940 837 2021 gravitate
852 1939 1054 2021 pronunciet
1091 1940 1127 2003 Si
1138 1950 1242 2003 tamen
1257 1940 1444 2023 majoribus,

490 2039 578 2123 quod
594 2039 724 2124 quidem
738 2060 843 2103 rarum
858 2052 918 2116 est,
933 2062 990 2103 eos
1004 2042 1200 2126 exoccupari
1215 2042 1442 2123 contigentia

489 2141 582 2205 annis
603 2138 840 2219 adolescentiae,
861 2163 905 2205 ex
927 2141 1165 2225 dispensatione
1186 2142 1291 2207 aetatis
1311 2143 1441 2225 permit·

488 2251 600 2306 tuntur
614 2241 735 2327 aliquid
758 2244 942 2307 subtrahere
965 2245 1122 2325 gravitati,
1136 2257 1168 2308 et
1189 2245 1222 2307 in
1245 2266 1279 2309 se
1301 2245 1440 2309 clemen-

489 2344 586 2407 tiores
616 2364 697 2420 esse,
727 2342 814 2426 quod
843 2343 1035 2408 maturitatis
1063 2364 1227 2429 processu,
1255 2345 1440 2429 reipublicae

489 2444 621 2508 utilitati
636 2457 855 2528 compensent.
899 2446 982 2509 Hsec
997 2445 1071 2509 illc:
1095 2455 1129 2508 et
1142 2446 1266 2509 utinam
1281 2446 1441 2509 audiretur

487 2568 507 2609 a
528 2546 656 2625 nostris,
670 2555 707 2610 ut
729 2547 842 2611 saltem
864 2546 898 2609 in
920 2546 1113 2630 provectiori
1135 2556 1240 2624 aetate,
1262 2547 1361 2629 nugis
1375 2546 1442 2608 suis

485 2646 670 2731 reipublice
700 2646 782 2711 seria
811 2645 1013 2709 anteferrent.
1065 2646 1160 2709 Tunc
1187 2643 1306 2707 etenim
1336 2654 1438 2707 totum

483 2747 668 2834 reipublicae
684 2768 802 2833 corpus
816 2748 940 2812 roboris
955 2747 1004 2811 sui
1018 2747 1201 2832 integritate
1217 2744 1435 2828 vigebittonc

483 2850 615 2933 optimas
628 2850 870 2935 compositionis
891 2850 999 2932 specie
1014 2850 1246 2926 venustabitur,
1261 2859 1294 2913 et
1308 2850 1437 2928 elegan-

482 2952 524 3014 tis
538 2948 787 3034 pulchritudinis
802 2949 950 3012 decorem
965 2948 1088 3023 induet,
1102 2951 1128 3012 si

589 3052 700 3120 Singula
710 3067 820 3122 quisquo
831 3051 917 3104 locum
927 3057 1035 3106 teneant
1047 3055 1138 3105 sortita
1149 3055 1282 3119 decenter,

482 3154 511 3218 si
525 3153 619 3216 fuerit
634 3151 810 3214 officiorum
821 3171 887 3213 non
902 3148 1128 3227 consuetuod
1139 3149 1330 3214 distributio.
1360 3154 1436 3216 Hoc

480 3256 526 3318 ita
539 3253 566 3318 si
580 3253 733 3337 optimam
746 3251 874 3314 vivendi
890 3250 1005 3316 ducem
1017 3262 1163 3316 naturam
1175 3252 1348 3335 sequimur.
1370 3253 1434 3317 Sed

480 3376 568 3420 nunc
584 3354 671 3439 quod
686 3353 882 3418 medicorum
898 3364 958 3433 est,

588 3459 749 3516 Promittant
760 3456 837 3524 fabri,
848 3459 943 3512 medici
954 3457 1060 3512 fabrilia
1070 3463 1192 3523 nutant,

481 3570 514 3625 et
528 3558 669 3624 officium
690 3555 884 3642 praesidendi
899 3579 918 3621 a
933 3556 1138 3621 venatoribus
1158 3566 1191 3620 et
1209 3556 1433 3621 humilioribus

479 3659 594 3726 officiis
609 3657 776 3722 autetiam
799 3654 967 3721 maleficiis
987 3666 1168 3733 mutuatnr;
1192 3666 1224 3721 et
1237 3658 1432 3742 privatorum

477 3762 636 3828 temeritas
651 3770 707 3825 aut
721 3757 905 3841 discipline
923 3759 1112 3841 ignorantia,
1127 3781 1162 3823 se
1178 3758 1276 3822 audet
1291 3758 1432 3841 publicis

478 3863 594 3928 officiis
608 3861 799 3925 immiscere.

604 4048 684 4132 Cap.
700 4052 731 4112 d.
756 4049 808 4111 De
821 4048 905 4127 aleo,
919 4057 950 4110 et
966 4069 1039 4125 aaa,
1053 4055 1084 4110 et
1100 4046 1204 4110 αόιιιιι
1219 4041 1299 4122 ejus.

520 4201 589 4264 San
604 4217 680 4262 ecce
696 4196 771 4261 dum
786 4207 972 4261 venatorum
991 4197 1146 4261 tumultus
1160 4193 1330 4276 egreditur,
1345 4194 1427 4273 alite,

474 4304 535 4371 etsi
557 4299 790 4376 taciturniores,
803 4306 1009 4383 perstrepunt
1031 4318 1135 4379 nugae.
1180 4295 1305 4360 Tritum
1327 4297 1425 4384 siqui·

473 4407 545 4472 dem
568 4401 768 4489 proverbium
791 4412 850 4479 est,
865 4399 929 4472 Qui
951 4401 1078 4483 lepores
1099 4399 1209 4481 agitat,
1231 4400 1326 4464 verba
1348 4420 1427 4464 con.
