3575 5575
507 777 547 836 et
766 787 903 834 Joaunrs
921 785 1198 832 saunsnmtrnnsrs
1322 767 1404 846 [are.
1422 789 1458 832 11.

508 962 590 1006 nunc
605 939 805 1026 praesidentis
821 938 1019 1002 miseratione
1030 939 1165 1024 rejectos
1179 938 1211 1000 in
1227 958 1327 1002 cunas
1338 939 1458 1024 reponi.

509 1043 589 1121 Quis
620 1042 668 1107 vel
697 1064 802 1106 coecus
831 1040 891 1104 hor
920 1039 1152 1104 ludificantium
1182 1039 1364 1106 daemonum
1394 1063 1459 1106 non

509 1144 615 1209 videat
631 1167 697 1208 esse
712 1142 912 1230 nequitiam?
944 1141 1038 1220 Quod
1061 1146 1112 1207 vel
1134 1165 1174 1206 ex
1189 1164 1227 1206 eo
1247 1153 1348 1227 patet,
1370 1142 1460 1228 quod

509 1245 704 1309 mulierculis
718 1256 751 1308 et
766 1243 841 1307 viris
857 1243 1103 1329 simplicioribus
1122 1257 1153 1309 et
1175 1241 1404 1308 infirmioribus
1426 1244 1460 1307 in

507 1346 582 1426 lide,
596 1345 657 1411 ista
678 1343 879 1432 proveniunt.
926 1343 960 1407 Si
979 1364 1056 1407 vero
1077 1344 1248 1430 quisquam
1270 1364 1381 1406 eorum
1402 1343 1460 1429 qui

507 1447 567 1512 bac
589 1447 733 1511 illusione
755 1445 932 1521 laborabat,
954 1446 996 1509 ab
1018 1445 1126 1531 aliquo
1147 1458 1337 1516 constanter,
1360 1456 1392 1508 et
1418 1467 1458 1507 ex

507 1550 604 1636 signia
636 1548 797 1634 aliquibus
829 1560 997 1634 arguatur,
1027 1547 1220 1613 daemonium
1259 1546 1365 1610 statim
1402 1549 1460 1610 aut'

508 1664 688 1735 superatur,
702 1662 756 1713 aut
773 1647 869 1728 cedit,
880 1660 913 1712 et
929 1662 966 1712 ut
977 1647 1108 1724 dicitur,
1119 1671 1159 1712 ex
1175 1671 1241 1733 quo
1254 1647 1326 1732 quis
1341 1651 1374 1711 in
1390 1648 1462 1711 luce

505 1754 664 1836 arguitur,
687 1763 810 1814 cessant
835 1772 932 1835 opera
958 1750 1172 1814 tenebrarum.
1219 1750 1330 1836 Hujus
1351 1763 1459 1815 autem

506 1853 603 1938 pestis
617 1875 695 1917 eura
709 1851 921 1916 efficacissima
940 1867 999 1929 est,
1016 1864 1053 1915 ut
1075 1851 1171 1916 fidem
1193 1853 1267 1938 quis
1281 1851 1459 1938 amplexus,

506 1954 556 2018 his
578 1953 749 2018 mendaciis
773 1952 940 2016 subtrahat
967 1951 1082 2018 mentis
1102 1953 1261 2029 auditum,
1284 1966 1316 2018 et
1342 1976 1459 2040 nequa-

505 2077 603 2143 quam
629 2054 775 2141 respiciat
801 2055 842 2119 ad
868 2055 1052 2141 hujusmodi
1079 2056 1236 2122 vanitates
1261 2069 1294 2120 et
1323 2056 1460 2121 insanias

506 2159 611 2224 falsas.

506 2434 585 2517 Cap.
608 2439 655 2498 18.
678 2435 730 2498 Dc
740 2435 963 2518 fiandamento
984 2434 1236 2513 Mathematicus,
1259 2437 1461 2499 caecantia

547 2555 712 2609 sensuum,
728 2535 897 2632 etgtriqua
910 2539 1042 2614 anime,
1057 2543 1089 2598 et
1110 2537 1254 2620 prosectu
1269 2539 1414 2614 rationis,
1429 2544 1460 2599 et

547 2640 689 2725 cffcocia
705 2611 1160 2722 tilmaliumdbcffilinarm.

547 2776 668 2840 Possm
683 2773 805 2841 utinam
822 2787 888 2841 tam
905 2774 998 2839 facile
1019 2773 1316 2841 mathematicorum
1332 2794 1419 2841 error
1433 2794 1460 2841 'a

504 2878 780 2962 praestantioribus
794 2876 907 2941 animis
922 2878 1073 2952 amoveri,
1088 2899 1185 2963 quam
1202 2878 1314 2943 leviter
1328 2880 1360 2943 in
1383 2902 1457 2943 con-

505 2989 616 3062 spectu
632 2999 716 3042 verae
730 2978 804 3041 fidei
820 2992 852 3043 et
868 3001 952 3042 sanae
967 2978 1167 3043 conscientiae
1189 2979 1322 3045 istarum
1342 2981 1460 3046 illusio-

505 3100 581 3141 num
608 3080 765 3143 daemonia
790 3081 1028 3167 conquiescunt.
1078 3082 1291 3145 Veruntamen
1313 3106 1351 3147 eo
1377 3085 1460 3169 peri-

505 3179 644 3245 culosius
667 3194 784 3253 errant,
808 3185 928 3266 quoin
954 3182 1114 3248 soliditate
1139 3196 1276 3264 naturae,
1297 3196 1329 3249 et
1352 3185 1460 3269 rigore

504 3283 646 3363 rationis,
669 3306 760 3349 suum
782 3284 919 3349 fundare
941 3283 1091 3350 videntur
1112 3306 1260 3350 errorem.
1308 3287 1460 3349 Temera-

504 3382 587 3449 rium
613 3384 770 3471 siquidem
797 3384 925 3450 videtur
954 3386 1108 3451 universis
1137 3389 1170 3452 iu
1203 3385 1305 3472 legem
1334 3399 1459 3452 naturae

504 3486 716 3570 praevaricari,
732 3499 764 3551 et
779 3486 926 3564 stultum,
942 3489 1042 3574 gratis
1060 3489 1228 3553 dissentire
1242 3490 1284 3553 ab
1305 3513 1353 3567 eo,
1369 3490 1458 3576 quod

504 3587 586 3653 ratio
610 3589 776 3675 persuasit.
830 3594 857 3675 ᾼ
886 3591 965 3657 veris
993 3614 1071 3678 ergo
1096 3606 1227 3658 sumunt
1255 3593 1394 3672 initium,
1420 3605 1458 3657 ut

501 3713 559 3776 per
584 3714 658 3756 vera
683 3690 805 3757 diutius
830 3693 1022 3777 gradientes,
1050 3718 1082 3758 se
1108 3707 1139 3759 et
1167 3696 1357 3782 sequipedas
1385 3717 1459 3759 suos

503 3793 701 3881 praecipitent
716 3794 748 3858 in
765 3794 927 3882 laqueum,
942 3808 974 3862 et
989 3796 1116 3861 foveam
1131 3797 1288 3862 falsitatis.
1328 3797 1457 3861 Mathe-

502 3895 559 3959 sim
572 3919 648 3980 ergo
659 3896 868 3982 probabilem,
881 3920 955 3985 quae
966 3899 1144 3986 penultima
1155 3900 1244 3964 brevi
1256 3899 1457 3971 enuntiatur,

502 4018 597 4082 quam
623 4009 656 4061 et
680 4010 795 4064 natura
819 4000 956 4077 inducit,
983 4000 1065 4065 ratio
1093 4001 1220 4088 probat,
1247 4013 1280 4065 et
1309 3997 1457 4063 utilitatis

500 4096 693 4183 experientia
713 4100 882 4185 approbat,
904 4102 995 4188 quasi
1018 4100 1180 4189 quoddam
1206 4100 1359 4166 doctrinae
1387 4123 1454 4165 euae

495 4199 620 4287 jaciunt
643 4200 900 4282 fundamentum,
920 4218 957 4269 ut
979 4204 1095 4269 exinde
1108 4202 1300 4290 'opinionum
1324 4226 1455 4268 suarum

499 4303 622 4369 lubrico
641 4304 732 4389 quasi
758 4305 896 4391 quadam
920 4307 1058 4394 imagine
1079 4306 1224 4381 rationis,
1239 4306 1272 4369 in
1295 4306 1453 4371 mathesin

500 4406 678 4494 reprobam,
701 4426 775 4492 quae
797 4408 960 4494 profertur
985 4423 1114 4474 extensa
1141 4408 1328 4492 penultima,
1353 4408 1457 4496 perni-
