3575 5575
492 792 554 852 286
753 801 888 848 scaurus
904 801 1182 848 ssnnsnnarausrs
1321 781 1403 860 [ara.
1420 802 1451 844 v.

492 955 617 1020 diverso
638 953 734 1018 modo
755 952 934 1039 exponitur.
987 951 1069 1036 Ego,
1099 950 1327 1037 sapientiorum
1356 949 1450 1016 rania

493 1058 673 1142 impetrata,
694 1077 845 1122 acervum
866 1054 964 1120 credo
983 1052 1151 1133 Mercurii,
1167 1053 1199 1117 in
1223 1073 1287 1140 quo
1309 1052 1451 1118 consistit

494 1159 574 1224 ratio
599 1157 792 1234 calculandi,
815 1157 891 1243 quia
917 1155 1099 1222 Mercurius
1123 1178 1245 1220 numen
1269 1177 1380 1220 eorum
1402 1167 1451 1220 est

492 1259 548 1348 qui
563 1259 811 1344 negotiationem
826 1266 988 1338 exornent,
999 1268 1033 1321 et
1046 1257 1219 1322 ratiociniis
1234 1257 1299 1322 suis
1313 1255 1450 1342 diligen-

491 1375 541 1428 ter
555 1362 733 1446 invigilant.
762 1360 895 1428 Mittere
910 1381 987 1445 ergo
1002 1358 1142 1446 lapidem
1162 1360 1195 1425 in
1210 1377 1370 1442 acervum,
1385 1382 1449 1446 quo

491 1465 613 1549 regitur
626 1463 706 1528 ratio
728 1462 919 1544 calculandi,
939 1473 988 1527 est
1001 1473 1103 1527 totam
1126 1463 1255 1528 turbare
1270 1461 1384 1527 calculi
1399 1485 1449 1527 ra·

491 1565 632 1631 tionem:
655 1577 689 1631 et
699 1565 852 1631 honorem
864 1563 1007 1629 conferre
1018 1563 1191 1650 insipienti,
1204 1575 1253 1629 ast
1264 1563 1449 1650 reipublicae
1523 1611 1529 1624 .

492 1669 676 1735 subvertere
691 1668 801 1734 vitam.
838 1667 883 1732 Et
897 1667 1095 1754 impossibile
1110 1679 1168 1746 est,
1184 1678 1222 1732 ut
1237 1667 1315 1732 alios
1328 1667 1450 1732 utiliter

492 1783 593 1857 regat,
603 1793 700 1858 quem
716 1769 862 1858 proprius
877 1768 1036 1836 subvertit
1050 1791 1145 1835 error.
1182 1770 1240 1834 Ait
1254 1768 1359 1834 enim:
1383 1770 1450 1837 Ubi

491 1886 621 1939 nonest
636 1875 839 1959 gubernator,
858 1873 995 1959 populus
1009 1885 1145 1940 corruet.
1191 1871 1235 1938 Et
1257 1873 1351 1940 alibi:
1379 1879 1450 1942 Rex

492 1975 644 2062 insipiens
666 1975 780 2062 perdet
801 1975 956 2062 populum
979 1997 1083 2055 suurn,
1107 1988 1141 2042 et
1162 1975 1308 2041 civitates
1325 1975 1450 2041 habita·

491 2079 614 2142 buntur
627 2099 724 2162 snper
738 2097 866 2141 sensum
881 2078 1099 2164 prudentium.
1135 2079 1251 2145 Omnis
1266 2088 1450 2164 potentatus

492 2181 558 2244 rita
571 2178 687 2259 brevis,
701 2178 836 2263 languor
855 2179 1006 2264 prolixior
1024 2192 1136 2266 gravat
1156 2181 1332 2246 medicum.
1370 2186 1449 2247 Bre-

493 2303 567 2346 vem
582 2280 769 2365 languorem
784 2279 939 2366 praecidet
949 2281 1104 2360 medicus,
1116 2283 1161 2348 sic
1171 2293 1205 2348 et
1216 2305 1273 2348 rex
1283 2283 1378 2350 hodie
1390 2294 1449 2366 est,

493 2394 528 2450 at
537 2406 606 2448 cras
616 2383 780 2450 morietur.
818 2382 930 2458 Quum
943 2385 1029 2448 enim
1042 2385 1197 2451 morietur
1207 2386 1313 2464 homo,
1324 2386 1451 2451 heredi·

492 2484 575 2549 tabit
588 2494 761 2570 serpentes,
774 2495 808 2549 et
820 2485 949 2562 bestias,
961 2497 994 2550 et
1005 2507 1139 2552 vermes.
1172 2487 1329 2576 Nunquid
1341 2509 1450 2575 quaeso

492 2608 649 2676 pauperes
663 2587 889 2673 opprimuntur
902 2587 1036 2675 injuriis,
1052 2599 1261 2655 attenuantur
1278 2589 1450 2655 exactioni-

491 2691 563 2769 bus,
584 2689 703 2776 rapinis
723 2687 956 2775 multiplicibus
978 2689 1162 2776 spoliantur,
1180 2691 1339 2778 jubentur
1358 2693 1392 2757 in
1415 2715 1449 2758 se

492 2816 681 2860 concurrere
695 2794 816 2880 populi,
832 2804 866 2860 et
881 2794 993 2860 orbern
1010 2807 1191 2874 concutere,
1208 2806 1244 2861 ut
1266 2798 1449 2883 potentibus

491 2896 543 2961 isti
552 2896 725 2961 succedant
734 2894 887 2961 heredes?
901 2896 959 2962 Isti
967 2920 1107 2985 namque
1116 2899 1449 2966 succeduntomnibus

487 3000 563 3085 jure
577 3020 646 3079 suo,
660 3022 718 3063 nec
733 2999 934 3064 desideratur
946 3001 1128 3067 solemnitas
1141 3005 1333 3086 testamenti,
1345 3006 1386 3070 ab
1400 3005 1449 3069 in·

492 3115 609 3167 testato
618 3113 809 3188 emergunt3
834 3101 913 3167 valis
924 3103 1016 3180 nolis,
1029 3104 1087 3168 hos
1096 3105 1228 3170 habebis
1240 3106 1380 3173 heredes.
1409 3110 1448 3172 ln

491 3203 686 3268 secularibus
710 3202 811 3268 literis
836 3203 941 3268 fertur
963 3203 1079 3269 dixisse
1105 3204 1213 3270 Plator
1248 3208 1386 3273 Perinde
1403 3221 1450 3273 est

492 3323 594 3386 quum
610 3300 756 3367 subditos
770 3300 924 3387 opprimit
939 3304 1156 3389 magistratus,
1173 3328 1210 3369 ac
1225 3306 1252 3369 si
1267 3321 1364 3391 caput
1378 3330 1449 3371 cor-

490 3404 578 3489 poris
599 3405 801 3480 intumescat,
817 3418 855 3470 ut
877 3428 897 3469 a
910 3408 1061 3472 membris
1076 3421 1133 3473 aut
1147 3407 1285 3484 omnino,
1308 3424 1366 3473 aut
1381 3410 1449 3474 sine

489 3504 636 3571 molestia
650 3505 727 3569 ferri
740 3528 805 3570 non
819 3508 928 3593 possit.
960 3498 1056 3574 Hanc
1072 3524 1177 3577 autern
1192 3510 1370 3597 passionem
1382 3516 1448 3579 sine

488 3607 675 3694 gravissimo
704 3607 814 3672 dolore
841 3612 1057 3675 membrorum
1094 3613 1221 3677 tolerari
1253 3614 1303 3678 vel
1332 3615 1448 3695 curari,

488 3711 681 3797 impossibile
702 3723 760 3775 est.
805 3708 839 3774 Si
854 3733 930 3776 vero
951 3712 1136 3779 incurabilis
1151 3715 1250 3781 fuerit
1270 3720 1386 3804 passio,
1402 3716 1446 3781 sic

489 3814 596 3877 vivere
617 3835 714 3899 quarn
729 3812 809 3878 mori
830 3814 977 3878 miserius
991 3827 1050 3880 est.
1096 3815 1225 3881 Miseris
1244 3829 1351 3882 autern
1367 3816 1446 3894 nihil

489 3912 600 3977 utilius
624 3927 683 3993 est,
708 3936 804 4000 quam
833 3931 998 4004 utcunque
1024 3916 1117 3981 finire
1142 3917 1310 3983 miseriam.
1355 3917 1446 3982 Idem

489 4033 619 4097 quoque
633 4014 751 4078 dixisse
774 4014 910 4101 legitur:
945 4021 1056 4094 Quum
1078 4018 1110 4081 in
1134 4018 1292 4103 subjectos
1306 4031 1446 4105 potestas

489 4115 591 4188 saevit,
607 4111 691 4176 idem
711 4132 758 4179 est
774 4139 810 4179 ac
826 4117 852 4181 si
874 4129 963 4182 tutor
976 4120 1135 4206 pupillum
1157 4133 1379 4205 persequatur,
1394 4118 1446 4183 vel

488 4237 560 4280 eum
577 4236 636 4279 sno
656 4236 807 4281 mucrone
823 4219 967 4305 jugules,
982 4222 1024 4285 ob
1047 4224 1141 4310 cujus
1161 4222 1389 4298 defensionem,
1405 4222 1446 4285 ab

487 4318 598 4383 eodem
612 4316 768 4383 traditum
784 4320 844 4387 tibi
855 4319 1000 4407 gladium
1016 4324 1174 4412 accepisti.
1210 4328 1290 4391 Rern
1308 4346 1446 4412 namque

488 4421 650 4505 publicam
665 4422 728 4487 lrui
744 4423 819 4508 jure
832 4425 949 4511 pupilli
965 4427 1143 4513 percelebre
1162 4440 1221 4508 est,
1236 4440 1268 4493 et
1283 4450 1352 4492 earn
1369 4441 1446 4493 tunc
