3575 5575
501 795 561 853 102
577 875 585 891 ᾖ
599 779 673 884 :bs-J
761 809 899 854 scaurus
913 806 1193 853 sanusnnmuusrs
1318 789 1402 868 [nis.
1417 808 1458 851 11.

502 955 591 1024 tur’ae
560 912 651 1034 ast,
667 959 965 1045 potentioribusque
984 958 1151 1021 cohaereat
1200 955 1295 1022 Unde
1308 955 1456 1042 plerique

490 1043 578 1173 ,euin
603 1065 776 1147 praesulem
799 1059 990 1145 eloquentiae
1015 1062 1201 1146 opinantur,
1223 1081 1262 1122 eo
1288 1058 1376 1144 quod
1402 1058 1457 1123 illa

457 1145 617 1243 ‚·¹·1uncta
646 1159 808 1244 sapientiae
837 1157 1012 1244 plurimum
1042 1159 1156 1243 prosit,
1180 1155 1312 1222 malitia
1341 1155 1460 1220 sociata

445 1248 614 1350 ·,“;ιιοοεαῑ
643 1259 830 1346 plurimum.
882 1261 963 1322 Hoec
992 1257 1121 1344 quidem
1151 1257 1212 1323 etsi
1241 1280 1305 1322 non
1333 1259 1456 1334 docuit,

504 1373 621 1427 sectam
638 1375 742 1426 tamen
758 1361 874 1425 erroris
887 1360 997 1444 attigit
1013 1359 1177 1439 Lucanus,
1191 1382 1293 1445 quum
1310 1360 1455 1425 timorem

503 1462 592 1527 urbis
606 1462 816 1541 describeret;
840 1459 1027 1546 bellumque
1043 1458 1136 1526 civile
1155 1461 1337 1526 necessariis
1358 1473 1459 1526 astro·

330 1549 418 1656 {23²
505 1567 621 1628 nomioe
665 1564 861 1647 argumentis
908 1562 1135 1627 inevitabiliter
1180 1562 1458 1649 appropinquante

504 1665 628 1729 Caesare
663 1664 808 1728 futurum
838 1663 1057 1728 denunciaret.
1101 1663 1213 1728 Innuit
1242 1662 1326 1727 enim
1355 1666 1458 1728 Poeta

502 1766 712 1841 doctissimus,
736 1765 762 1830 si
784 1779 889 1831 tamen
918 1769 1018 1831 Poeta
1043 1764 1200 1830 dicendus
1221 1777 1280 1840 est,
1304 1767 1360 1850 qui
1382 1787 1457 1829 vera

502 1867 681 1931 narratione
704 1889 808 1931 rernm
835 1867 877 1930 nd
902 1866 1068 1932 historicos
1092 1866 1195 1950 magis
1216 1866 1348 1942 accedit,
1372 1865 1459 1930 illius

502 1967 654 2032 malitiam
678 1968 940 2052 irrefragabiliter
962 1966 1211 2053 adimplendam,
1233 1967 1289 2052 qui
1315 1966 1402 2032 solus
1423 1967 1455 2031 in

504 2068 620 2132 throno
638 2069 687 2135 sui
706 2068 859 2135 domicilii
883 2069 1052 2135 residebat.
1098 2070 1143 2134 Et
1157 2069 1232 2134 lioet
1247 2068 1366 2154 figulus
1381 2071 1458 2132 Par-

504 2192 612 2233 carum
636 2169 764 2234 consilis
786 2171 948 2248 discutiat,
968 2183 1172 2257 mentemque
1191 2170 1366 2246 stellarum,
1386 2193 1455 2236 cor·

503 2294 616 2357 porum
633 2267 737 2336 'tamen
749 2296 822 2359 quae
837 2272 997 2351 videntur,
1008 2273 1153 2336 nondum
1167 2276 1293 2358 plenam
1308 2271 1454 2336 notitiem

504 2372 648 2452 tradidit,
662 2397 771 2459 quum·
784 2375 816 2438 in
833 2387 901 2439 tota
915 2374 1218 2440 Mathematieorum
1229 2373 1335 2448 domo,
1349 2372 1455 2438 adhuc
1508 2418 1515 2430 ·

508 2497 570 2538 non
598 2477 638 2542 sit
667 2477 802 2562 quaestio
832 2477 996 2562 expedita,
1024 2499 1131 2542 snex
1160 2474 1325 2540 elementis
1354 2476 1458 2541 sidera

501 2589 656 2652 constent,
673 2601 713 2641 nu
729 2601 768 2641 ex
790 2577 907 2663 quinta
925 2578 1071 2655 essentia,
1087 2599 1184 2663 quam
1206 2575 1394 2642 Aristoteles
1408 2577 1456 2640 in·

500 2677 649 2743 troducit.
695 2679 778 2742 Nam
801 2677 890 2764 quod
906 2676 951 2742 eis
964 2677 1120 2763 objiciunt
1137 2677 1240 2764 pueri,
1254 2675 1362 2740 mollia
1376 2676 1453 2754 sint,

499 2803 538 2847 an
561 2780 654 2860 dura,
672 2795 705 2846 et
727 2781 753 2847 si
775 2780 853 2868 quid
875 2780 1060 2867 hujusmodi
1075 2794 1134 2861 est,
1156 2778 1379 2846 etiam-audire
1399 2777 1455 2843 de·

499 2879 685 2963 dignantur,
708 2882 854 2966 quamvis
877 2882 1006 2967 aliquos
1026 2882 1175 2962 famosos,
1197 2894 1229 2946 et
1252 2903 1309 2945 suo
1329 2878 1453 2965 judicio

500 2977 667 3059 sapientes,
704 2984 737 3044 in
768 2981 885 3047 talibus
922 2981 1056 3047 viderim
1092 2981 1265 3047 miserrime
1299 2980 1454 3045 laborare.

498 3077 688 3162 Expediunt
711 3093 826 3161 tamen,
848 3095 880 3146 et
903 3083 970 3146 suis
995 3082 1174 3148 rationibus
1198 3081 1347 3167 probant,
1369 3080 1449 3167 quid

499 3178 566 3243 fata
600 3180 785 3259 deliberent,
822 3197 854 3250 et
887 3183 1085 3269 deprebensa
1119 3182 1267 3247 voluntas
1300 3181 1453 3258 siderum,

497 3302 592 3365 quem
605 3281 637 3345 in
653 3282 817 3347 sublunari
832 3282 930 3368 globo
944 3284 1097 3349 sortiatur
1111 3283 1271 3347 effectum.
1307 3284 1353 3345 Et
1367 3280 1451 3344 forte

498 3383 652 3448 sententia
666 3384 804 3450 numinis
825 3385 915 3451 irrita
937 3399 997 3466 est,
1011 3408 1109 3471 quam
1124 3406 1188 3448 non
1204 3380 1449 3447 mathematicus

498 3486 638 3571 profert:
662 3488 708 3552 ait
723 3510 819 3572 ergo;

604 3586 681 3648 Quod
694 3586 774 3639 cladis
785 3604 878 3655 genus,
889 3606 905 3639 o
916 3590 1012 3659 superi,
1024 3606 1077 3658 qna
1088 3593 1162 3661 peste
1173 3586 1270 3657 paratis

602 3672 751 3725 Saevitiam?
769 3675 861 3726 aeterni
872 3673 1013 3727 multorum
1024 3680 1126 3744 ternpus
1137 3674 1164 3724 in
1175 3690 1256 3724 unum

602 3760 754 3813 Convenere
766 3760 833 3813 dies:
853 3778 952 3813 summo
964 3762 986 3812 si
998 3759 1094 3828 frigida
1105 3758 1172 3813 coelo

601 3844 684 3898 Stella
695 3862 790 3899 nocens
800 3847 889 3914 nigros
902 3848 1006 3899 Saturni
1018 3848 1171 3900 accenderet
1181 3845 1267 3911 ignes,

598 3930 787 3985 Deucalioneos
797 3931 909 3985 fiidisset
921 3932 1054 4002 Aquarius
1062 3934 1169 3993 imbres,

597 4016 716 4083 Totaque
727 4016 822 4069 diffuso
832 4017 953 4071 latuisset
963 4019 991 4070 in
1002 4034 1104 4087 aequore
1116 4014 1204 4069 tellus.

598 4101 627 4151 Si
638 4117 735 4153 saevum
747 4102 826 4154 radiis
838 4102 995 4157 Nemaaenm
1008 4103 1110 4155 Phoebc
1123 4102 1239 4153 Leonem

600 4184 677 4237 Nunc
688 4203 826 4257 premeres,
839 4192 896 4240 toto
906 4188 1018 4243 fluerent
1030 4187 1150 4240 incendia
1162 4184 1268 4247 mundo,

600 4269 793 4339 Succensusque
805 4272 856 4323 tuis
868 4271 1006 4339 flagrasset
1017 4271 1131 4325 curribus
1143 4268 1233 4322 aether.
1334 4263 1340 4271 ’

599 4352 638 4405 Ηί
650 4360 752 4407 cessant
762 4354 850 4422 ignes:
869 4361 899 4407 tu
911 4358 955 4425 qui
965 4356 1095 4426 flagrante
1106 4356 1250 4407 minantem

595 4440 717 4512 Scorpion
729 4441 844 4495 incendis
856 4443 948 4508 canda,
962 4442 1100 4512 chelasque
1112 4442 1222 4514 peruris,
