3575 5575
338 804 410 849 cae.
428 791 518 869 xun]
701 808 956 854 eonrcnarrcus.
1249 801 1288 858 51

334 954 412 1019 dum
427 956 532 1019 omine
548 957 676 1023 meliore
696 958 835 1023 faustam
857 960 989 1045 agendis
1011 960 1120 1024 horam
1143 963 1286 1049 arripias.

333 1056 448 1120 Omnia
463 1080 600 1145 namque
616 1074 690 1127 sunt
706 1061 838 1147 aliquid.
877 1065 985 1141 Quum
1001 1064 1199 1150 processeris,
1215 1064 1288 1128 abs·

330 1158 460 1223 condita
481 1160 665 1227 futurorum
689 1184 774 1240 aves,
802 1187 882 1250 quas
903 1165 1055 1230 ominales
1078 1178 1203 1241 vocant,
1225 1164 1288 1230 tibi

329 1261 608 1343 praeouuciabunt.
654 1267 806 1343 Quaenam
823 1266 886 1331 sint
901 1266 971 1331 istae
984 1268 1068 1332 sorte
1083 1268 1285 1353 interrogas?

332 1361 418 1437 Quas
440 1364 557 1429 scilicet
580 1365 621 1431 de
643 1380 759 1432 natura
780 1368 944 1433 hominum
968 1370 999 1433 in
1021 1369 1157 1433 formam
1177 1369 1285 1433 avium

330 1464 438 1528 Poetae
454 1480 597 1531 asserunt
614 1492 680 1532 esse
695 1491 872 1533 conversas.
910 1470 997 1543 Quid
1015 1474 1123 1534 cornix
1133 1470 1286 1556 loquatur

332 1562 503 1647 diligenter
524 1569 680 1645 ausculta,
700 1574 863 1655 situmque
886 1572 956 1655 ejus
977 1570 1128 1647 sedentis,
1149 1583 1205 1634 aut
1229 1594 1284 1634 vo·

332 1661 427 1728 lautis
455 1666 545 1731 nullo
574 1669 669 1732 modo
693 1682 884 1735 contemnas.
931 1670 1044 1735 Refert
1071 1670 1187 1735 etenim
1214 1670 1286 1757 plu·

332 1762 457 1841 rimum,
485 1789 503 1829 a
531 1768 653 1834 dextris
683 1771 723 1835 sit
754 1794 793 1835 an
820 1794 838 1835 a
862 1772 1009 1849 sinistris,
1036 1791 1101 1857 qua
1125 1772 1286 1858 positione

333 1865 480 1950 respiciat
498 1868 643 1935 cubitum
663 1870 849 1956 gradientis,
867 1872 985 1957 loquax
1008 1874 1060 1947 sit,
1076 1893 1116 1935 an
1136 1871 1286 1947 clamosa,

334 1988 374 2029 an
397 1968 491 2033 silens
512 1972 651 2048 omnino,
671 1972 831 2057 pracedat
853 1996 892 2037 an
915 1986 1076 2060 sequatur,
1096 1974 1288 2038 tmnseuntis

333 2083 478 2155 expectet
502 2072 687 2155 adventum,
705 2097 744 2138 an
767 2076 892 2160 fugiat;
925 2099 1027 2161 quove
1049 2074 1204 2152 discedat,
1223 2096 1285 2137 non

335 2172 532 2258 negligenter
546 2177 685 2242 attende.
732 2178 789 2242 Ait
804 2201 944 2263 namque
959 2177 1114 2263 Virgilius

438 2285 514 2348 Quod
525 2287 576 2338 nisi
587 2305 630 2339 me
642 2306 793 2357 quacunque
804 2306 885 2341 noras
897 2287 1012 2339 incidere
1022 2286 1084 2339 lites

437 2368 510 2423 Ante
521 2373 627 2425 sinistra
638 2390 701 2426 cava
713 2375 856 2427 monuisset
867 2374 901 2425 ab
914 2372 973 2425 ilice
985 2373 1086 2435 cornix,

438 2454 496 2508 Nec
507 2462 567 2511 tune
578 2458 620 2511 hic
633 2459 736 2523 Mons,
748 2478 796 2512 nec
807 2462 906 2512 viveret
917 2460 974 2530 ipse
987 2457 1132 2510 Menalcas.

333 2550 487 2625 Quamvis
509 2553 541 2617 in
566 2578 605 2618 eo
631 2555 776 2619 videatur
804 2556 836 2619 in
863 2568 963 2619 artem
991 2553 1170 2627 offendisse,
1197 2551 1286 2636 quod

335 2652 445 2717 cornix
466 2678 560 2740 quam
583 2657 658 2720 vitae
681 2656 881 2720 servatricem
904 2655 1050 2729 asseruit,
1073 2675 1179 2716 rerum
1201 2675 1287 2735 mag-

334 2773 448 2815 narum
470 2750 595 2838 ignorat
617 2753 777 2840 auspicia;
805 2756 866 2819 uisi
884 2754 968 2818 forte
985 2752 1018 2817 in
1038 2776 1076 2818 ea
1095 2765 1212 2840 praeter
1232 2776 1289 2817 na·

334 2865 440 2916 turam
456 2855 513 2918 fiat
531 2867 706 2934 ostentum,
721 2855 816 2940 quale
832 2869 880 2920 est
899 2855 986 2940 quod
1003 2856 1186 2920 imminente
1202 2855 1286 2918 bono

334 2967 366 3019 et
380 2966 492 3040 optato
510 2957 614 3042 perosi
637 2955 841 3042 Imperatoris
861 2957 970 3034 exitio,
986 2958 1026 3021 de
1047 2980 1128 3042 rupe
1148 2960 1286 3042 Tarpeia

333 3081 392 3144 per
407 3060 517 3124 urbem
539 3064 648 3125 cornix
671 3064 787 3128 Graeco
807 3060 934 3147 eloquio
950 3060 1094 3148 protulit,
1111 3065 1198 3126 Bene
1213 3063 1286 3124 erit.

335 3160 429 3235 Quod
445 3184 550 3246 augur
563 3165 792 3250 interpretatus
806 3162 852 3226 ita
866 3163 1028 3248 exposuit,

474 3272 567 3344 Nuper
577 3289 636 3340 quse
647 3271 716 3324 sedit
726 3271 823 3342 Tarpei
835 3269 948 3324 culmine
960 3273 1059 3334 cornix,

509 3366 559 3418 Est
569 3364 636 3417 bene
648 3383 697 3416 nou
710 3365 795 3436 potuit
806 3363 899 3428 dicere,
912 3365 981 3416 dixit
992 3363 1059 3415 Erit.

335 3461 398 3525 Sed
413 3461 555 3545 ignosces
566 3461 636 3524 viro
650 3461 835 3525 doctissimo
847 3460 1039 3527 rusticanam
1053 3460 1286 3547 simplicitatem

335 3562 538 3648 exprimenti,
561 3576 617 3626 aut
643 3564 720 3648 quia
745 3584 924 3648 pauperum
951 3562 1029 3642 vita,
1054 3563 1209 3628 divitibus
1239 3586 1287 3625 res

336 3664 482 3728 videatur
502 3663 630 3747 exigua,
646 3664 700 3748 qui
722 3665 899 3728 humanum
918 3687 1021 3750 genus
1041 3679 1077 3727 ut
1100 3667 1210 3751 paucis
1225 3687 1287 3726 ser-

337 3769 416 3842 viat,
438 3778 580 3830 asserunt
608 3765 803 3830 institutum.
851 3767 977 3828 Corvus
1000 3788 1085 3844 vero,
1109 3787 1201 3849 quem
1225 3787 1287 3827 non

337 3868 449 3932 minori
469 3866 638 3952 diligentia
658 3866 851 3938 observabis,
869 3866 965 3930 rebus
987 3865 1162 3951 majoribus
1181 3867 1288 3952 auspi·

336 3984 438 4049 catur,
467 3982 498 4035 et
528 3991 762 4056 usquequaque
787 3967 904 4032 cornici
930 3966 1132 4054 praejudicat.
1169 3969 1289 4032 ·Porro

336 4095 459 4158 cygnus
484 4076 517 4138 in
540 4071 696 4158 auguriis,
720 4074 786 4136 ales
810 4073 999 4154 garenna
1025 4073 1149 4146 cautu,
1175 4082 1288 4156 utpote

338 4197 410 4258 quae
424 4197 577 4260 aquarum
593 4172 768 4239 domestica
789 4171 930 4258 quadam
947 4171 1050 4256 gratia
1065 4169 1289 4236 familiaritatis

338 4276 509 4340 eorundem
525 4289 645 4342 secreta
667 4278 871 4361 praenoverit.
915 4276 970 4336 An
990 4275 1090 4338 nescis
1105 4273 1191 4357 apud
1217 4273 1289 4336 Ma-

340 4397 447 4438 ronem

787 4495 806 4536 a
824 4483 843 4537 ἓ
