3575 5575
567 853 629 914 116
818 866 953 911 Joruars
968 865 1248 911 saansanamusrs
1382 843 1465 922 [ma.
1483 861 1517 904 u.

568 1023 644 1086 dose
672 1017 797 1102 colligis
827 1027 971 1104 patenter
1001 1016 1103 1082 video.
1156 1015 1267 1080 Primo
1295 1011 1374 1098 quia
1403 1009 1518 1074 divinae

569 1120 741 1207 majestatis
760 1119 1015 1197 immensitatem,
1030 1116 1198 1203 parvitatis
1218 1115 1368 1178 humanae
1392 1110 1520 1179 modulo

567 1220 806 1298 circumscribis,
835 1233 867 1285 et
903 1220 1091 1286 aeternitatis
1124 1215 1355 1282 immutabilem
1391 1224 1520 1292 statum,

566 1323 743 1388 labentium
762 1344 867 1387 rerum
888 1321 1036 1406 imagine,
1051 1332 1084 1385 et
1107 1316 1345 1384 succedentium
1360 1314 1421 1380 sibi
1441 1326 1518 1378 tem·

566 1447 679 1512 porum
697 1424 848 1488 varietate
863 1422 1044 1506 distinguis.
1083 1421 1146 1484 Sed
1162 1419 1256 1505 longe
1271 1441 1361 1482 secus
1375 1439 1442 1481 esse
1456 1415 1518 1492 hic,

565 1540 663 1613 atque
674 1527 707 1590 in
723 1525 774 1589 bis
790 1547 830 1588 ex
847 1521 1102 1608 praecedentibus
1115 1520 1260 1608 oportuit
1270 1520 1404 1606 concipi,
1418 1541 1518 1605 quum

564 1626 751 1694 aeternitatis
770 1637 889 1689 statum
909 1624 1016 1688 nullus
1035 1624 1165 1687 omnino
1188 1635 1296 1688 motus
1317 1620 1466 1705 attingat,
1486 1631 1517 1682 et

563 1752 710 1794 crearura
735 1727 890 1812 quaelibet
915 1749 1052 1806 accessu,
1079 1725 1129 1788 vel
1154 1724 1284 1790 decessu
1310 1721 1518 1788 accidentium

562 1843 739 1894 moveatur.
784 1829 892 1891 Homo
908 1827 1065 1912 siquidem
1081 1825 1202 1912 siquid
1225 1824 1373 1912 providet
1393 1822 1517 1889 futuro-

563 1951 646 2007 rum,
662 1929 768 1995 statim
790 1940 928 1992 mentem
951 1932 1021 2013 ejus
1043 1926 1175 2013 quidam
1197 1937 1302 1992 motus
1321 1923 1518 2010 aggreditur,

565 2044 602 2095 nt
616 2031 740 2094 animus
755 2029 894 2116 quadam
912 2028 1124 2113 applicatione
1139 2027 1200 2104 sui,
1215 2025 1359 2092 adalind
1382 2025 1470 2112 apud
1485 2049 1516 2090 se

563 2133 668 2196 futuri
683 2131 786 2218 operis
802 2128 935 2216 speciem
953 2129 1150 2217 praefiguret,
1168 2128 1365 2213 eandemque
1379 2127 1517 2213 plerum-

564 2230 1517 2319 quenuncquasiinarchivismemoriaedepositam,reponit,

549 2351 647 2398 ‘nunc
672 2333 763 2419 quasi
790 2333 979 2416 in'speculo
1005 2331 1122 2397 nativas
1148 2332 1298 2421 puritatis
1327 2331 1459 2416 replicat
1483 2346 1515 2398 et

523 2447 529 2457 '
561 2435 704 2514 revolvit.
750 2433 890 2498 Facilius
916 2431 999 2497 enim
1023 2442 1071 2496 est
1096 2447 1219 2498 motum
1241 2432 1327 2496 bunc
1347 2433 1390 2496 ab
1410 2433 1516 2502 animo

561 2535 690 2600 omnino
717 2534 862 2608 deficere,
894 2555 991 2617 quam
1021 2532 1285 2618 contemplatione
1309 2532 1382 2618 jugi
1411 2533 1516 2599 animo

560 2637 724 2703 inhaerere.
761 2638 806 2700 Et
822 2634 953 2720 quidem
976 2634 1028 2698 bic
1051 2648 1168 2712 motus,
1184 2636 1210 2698 si
1233 2657 1295 2698 non
1314 2633 1515 2719 providentia

558 2751 617 2816 est,
627 2751 683 2803 aut
693 2736 926 2824 providentiam
939 2735 1035 2820 parit,
1046 2748 1102 2802 aut
1114 2737 1143 2801 ei
1154 2739 1376 2825 cujuscunque
1387 2737 1516 2806 soederis

558 2842 672 2907 notitia
684 2841 854 2905 vicinatur.
887 2838 997 2913 Quum
1012 2861 1087 2903 vero
1102 2854 1209 2905 motus
1223 2839 1414 2925 praecedens,
1427 2854 1459 2905 et
1473 2864 1514 2913 ex

557 2967 595 3007 ea
615 2952 768 3027 concepta
790 2942 922 3027 species,
936 2941 1039 3005 loturi
1059 2941 1164 3025 operis
1179 2940 1307 3027 sequela
1327 2941 1514 3020 frustratur,

557 3044 661 3106 inanis
675 3055 724 3105 est
742 3040 875 3125 agitatio
895 3042 1021 3116 mentis,
1038 3054 1069 3105 et
1092 3042 1183 3125 quasi
1205 3041 1318 3104 umbra
1333 3042 1366 3104 in
1384 3046 1513 3119 somnis,

558 3144 624 3207 sine
645 3144 787 3207 veritatis
807 3164 939 3227 corpore
960 3142 1129 3208 evanescit.
1173 3146 1285 3208 Motus
1304 3157 1421 3223 tamen,
1436 3145 1514 3229 quia

558 3248 661 3331 reipsa
676 3246 737 3309 fuit
753 3246 786 3309 in
809 3246 926 3320 anima,
941 3268 1004 3309 non
1028 3256 1132 3330 potest
1147 3267 1208 3308 non
1232 3246 1327 3310 fuisse
1342 3246 1374 3309 in
1396 3247 1513 3327 anima,

555 3359 589 3409 et
612 3344 716 3409 anima
735 3367 809 3430 quae
832 3357 939 3409 motus
959 3344 1133 3428 agitatione
1154 3356 1242 3408 mota
1260 3359 1319 3423 est,
1341 3368 1403 3410 non
1425 3361 1514 3412 mota

556 3448 619 3511 n'cn
649 3446 745 3511 fuisse
774 3468 836 3509 non
865 3459 983 3531 potest.
1029 3447 1128 3509 Porro
1155 3445 1272 3511 divinae
1297 3448 1511 3532 simplicitatis

555 3561 670 3624 status,
697 3546 789 3628 longe
817 3546 879 3611 alia
908 3547 1049 3611 conditio
1078 3561 1136 3611 est.
1184 3549 1235 3613 Ea
1264 3550 1420 3633 siquidem
1448 3573 1514 3618 uno

554 3648 690 3736 simplici
706 3659 738 3712 et
758 3648 926 3713 individuo
941 3662 1083 3735 aspectu,
1098 3663 1136 3714 ut
1150 3650 1339 3735 praedictum
1360 3665 1420 3729 est,
1434 3675 1511 3738 quae

551 3767 638 3831 sunt,
655 3774 727 3838 quae
748 3750 890 3827 fuerunt,
906 3764 939 3815 et
960 3771 1034 3837 qnoe
1056 3762 1190 3815 ventura
1209 3766 1296 3829 sunt,
1310 3754 1416 3816 omnia
1436 3776 1513 3817 oon-

553 3853 737 3939 templatur,
751 3850 904 3937 nulloque
913 3874 1020 3924 rerum
1031 3850 1234 3915 mutabilium
1244 3852 1334 3938 lapsu
1345 3865 1509 3923 movetur:

553 3954 606 4017 s'ed
627 3956 658 4018 in
675 3955 778 4040 seipsa
797 3954 891 4017 semel
913 3968 945 4019 et
969 3952 1064 4018 umal
1084 3966 1238 4017 contuens
1259 3954 1417 4035 universa,
1430 3954 1512 4019 sub-

550 4054 634 4119 sistit
649 4054 854 4145 invariabilis,

657 4164 809 4233 stabilisque
819 4183 929 4219 manens
940 4167 986 4219 dat
997 4173 1089 4220 cuncta
1099 4170 1204 4222 moveri.

551 4270 598 4335 Et
624 4266 696 4331 licet
722 4266 884 4331 interdum
910 4268 940 4330 ei
965 4271 1120 4353 praeteriti
1146 4274 1299 4357 temporis
1324 4287 1380 4339 aut
1404 4274 1514 4340 loturi

550 4371 649 4433 verba
663 4377 824 4453 aptentur,
840 4392 903 4435 non
919 4371 947 4434 ei
969 4371 1141 4457 quicquam
1157 4397 1197 4438 ex
1219 4373 1279 4439 boc
1294 4374 1439 4441 subtrahi
1455 4376 1514 4441 vel

549 4472 743 4559 impendere,
772 4471 825 4536 sed
857 4494 963 4537 rernm
994 4474 1209 4560 subjectarum
1240 4478 1449 4553 mutabilitas,
1480 4480 1515 4546 si
