3575 5575
376 868 379 877 Ι
486 788 526 847 26
745 800 883 847 sossius
897 800 1177 847 ssaasnnsvansrs
1312 786 1395 867 [aru.
1411 806 1435 852 1.

485 954 558 1019 dem
573 954 675 1019 calice
698 973 793 1016 aureo
811 956 991 1017 universam
1011 975 1140 1019 carnem
1161 956 1309 1033 inebriat,
1326 968 1359 1023 et
1379 957 1437 1021 ad-

486 1076 595 1119 versus
617 1055 831 1129 Hierusalem,
847 1076 920 1139 quae
935 1077 1059 1120 sursum
1082 1064 1141 1133 ast,
1156 1066 1260 1121 castra
1282 1061 1438 1125 construit

486 1154 700 1241 proculdubio
709 1158 856 1243 peritura,
866 1159 984 1240 quibus
992 1159 1138 1243 quisquis
1146 1159 1291 1224 militiam
1300 1172 1441 1243 prrastat,

488 1272 643 1343 perpetua
667 1270 850 1323 sanctorum
878 1259 1103 1323 maledictione
1128 1259 1305 1323 damnatur.
1336 1263 1444 1351 Esau

488 1382 618 1446 quoque
634 1361 835 1425 venationem
852 1362 1005 1441 exercuit,
1020 1373 1052 1424 et
1064 1360 1288 1426 benedictione
1307 1375 1441 1446 patema

487 1464 603 1527 meruit
616 1461 804 1527 defraudari.
850 1462 891 1526 ln
906 1464 994 1527 silvis
1008 1464 1140 1545 collegit
1161 1464 1308 1541 esuriem,
1323 1475 1359 1527 nt
1378 1465 1439 1526 im·

487 1564 651 1629 moderato
683 1574 762 1629 aestu
791 1565 977 1629 lenticulam
1008 1565 1254 1649 concupiscens,
1281 1586 1440 1649 praeroga·

487 1667 583 1730 tivam
609 1666 891 1750 primogenitorum
918 1665 1037 1747 exiguo
1061 1667 1172 1748 precio
1194 1678 1227 1731 et
1248 1667 1304 1729 vili
1325 1664 1439 1732 distra-

487 1769 594 1833 heret:
624 1776 657 1831 et
672 1767 789 1851 jugum
803 1767 965 1831 servitutis
982 1767 1191 1832 haereditariae
1213 1768 1386 1832 transmisit
1406 1769 1442 1831 in

488 1879 644 1951 posteros,
660 1878 695 1930 ut
716 1867 831 1930 ditioni
846 1868 987 1945 minoris,
1002 1869 1059 1952 qui
1081 1868 1169 1932 domi
1190 1868 1337 1948 degebat,
1354 1870 1441 1933 colla

490 1967 719 2052 supponerent.
763 1968 1001 2032 Fruticantibus
1024 1970 1100 2053 pilis
1121 1969 1295 2033 horrebant
1317 1990 1443 2046 manus,

490 2091 551 2134 nec
565 2070 652 2132 enim
665 2069 749 2135 lenis
767 2089 837 2133 esse
860 2080 986 2154 poterat
1000 2080 1099 2149 tactu,
1114 2070 1266 2136 silvestris
1288 2071 1439 2144 moribus,

491 2171 677 2253 cultumque
692 2170 787 2235 vestis
804 2168 967 2255 praeciosae
988 2171 1077 2234 domi
1090 2171 1275 2255 reliquerat,
1290 2168 1344 2254 qui
1363 2170 1442 2233 assi·

491 2270 557 2335 duo
579 2280 694 2335 venatu
713 2271 837 2335 virtutis
860 2272 1022 2356 abjecerat
1044 2271 1275 2337 indumentum.
1320 2274 1444 2337 Frater·

490 2393 568 2436 num
585 2374 770 2456 sanguinem
785 2375 921 2450 sitiebat,
933 2384 965 2437 et
980 2394 1015 2436 sa
1029 2374 1070 2436 ab
1086 2395 1135 2451 eo,
1149 2396 1245 2457 quem
1261 2376 1322 2438 sibi
1337 2373 1446 2439 divina

492 2474 594 2555 gratia
622 2473 662 2539 de
691 2482 823 2557 palerna
851 2472 1079 2537 benedictione
1107 2475 1274 2555 praelatum
1302 2485 1445 2551 noverat,

492 2576 638 2659 placatus
667 2590 739 2640 ante
769 2576 967 2653 muneribus,
992 2596 1057 2637 non
1087 2585 1137 2638 est
1165 2576 1284 2639 veritus
1311 2574 1444 2638 adorari.

491 2678 680 2743 Venationis
702 2681 795 2744 neriae
820 2689 982 2743 auctorem
1006 2677 1158 2763 jactitant
1181 2677 1283 2739 fuisse
1309 2678 1445 2741 Macba·

490 2780 597 2862 heum
612 2782 668 2867 qui
690 2782 865 2868 majoribus
888 2791 1076 2866 occupatus,
1091 2777 1189 2863 hujus
1209 2777 1393 2863 voluptatis,
1409 2786 1445 2841 ut

491 2883 641 2961 creditur,
666 2886 763 2946 vitam
793 2883 885 2946 duxit
912 2894 1068 2946 exortem.
1120 2881 1260 2962 Egregie
1287 2879 1446 2964 siquidem

493 2982 580 3044 bella
594 2983 702 3062 gessit,
711 2982 858 3044 fratribus
873 2982 1014 3044 restituit
1025 2982 1218 3055 libertatem,
1229 2983 1318 3062 leges
1333 2981 1446 3059 erexit,

494 3083 691 3146 ceremonias
706 3081 879 3160 innovavit,
890 3081 1056 3144 mrmdavit
1066 3089 1188 3154 sancta
1201 3083 1312 3164 templi
1322 3083 1447 3160 faciem,

494 3181 582 3246 unde
618 3181 681 3247 sibi
719 3182 871 3246 credebat
902 3183 1085 3267 provenisse
1115 3181 1290 3261 victoriam,
1320 3183 1448 3246 coronis

495 3286 598 3348 aureis
613 3285 785 3362 decoravit,
799 3287 971 3370 nullosque
987 3285 1075 3348 illins
1089 3284 1122 3346 in
1139 3295 1232 3347 actus
1247 3284 1411 3366 surrepsit,

667 3406 924 3473 -panemque
934 3400 996 3454 'tulit
1007 3401 1058 3453 sibi
1068 3405 1132 3453 nata
1142 3399 1268 3472 voluptas

494 3498 660 3562 Postremo
679 3519 739 3581 pro
753 3501 854 3564 salute
870 3500 999 3563 fratrum
1022 3499 1111 3562 tirsus
1134 3499 1168 3560 in
1184 3498 1264 3575 acie,
1279 3515 1447 3577 germanos

494 3599 629 3681 legitimi
657 3601 735 3664 belli
767 3601 902 3684 reliquit
930 3600 1074 3663 heredes.
1133 3599 1191 3662 Ab
1219 3607 1313 3662 aetate
1345 3599 1449 3681 prima

494 3703 547 3766 cui
568 3703 702 3767 rationis
720 3704 824 3786 legem
840 3714 954 3768 natura
974 3704 1220 3787 prescripserat,
1235 3703 1362 3785 inspice
1386 3697 1448 3764 Pa·

494 3808 657 3885 triarchas,
667 3804 744 3871 da'ta
752 3809 823 3890 lege
831 3807 930 3871 transi
939 3806 980 3870 ad
990 3806 1102 3882 duces,
1111 3805 1252 3890 procede
1261 3801 1450 3886 adjudices,

495 3906 536 3968 ad
561 3929 652 3989 reges
673 3909 877 3990 progredere,
898 3929 1049 3992 percurre
1073 3908 1188 3970 seriem
1212 3904 1450 3987 prophetarum,

496 4002 601 4066 fidelis
622 4007 735 4087 populi
757 4008 863 4068 officis
888 4017 922 4067 et
946 4005 1054 4066 studia
1078 4012 1284 4086 perscrutare,
1309 4020 1392 4084 quos
1415 3999 1450 4061 in

496 4103 577 4166 serie
600 4103 714 4167 veteris
733 4103 936 4167 instrumenti
954 4104 1036 4184 legis
1050 4102 1233 4165 exercuisse
1249 4099 1448 4166 venaticam?

497 4205 624 4288 Nempe
643 4204 817 4277 Idumaeos,
836 4215 869 4267 et
892 4203 1082 4280 ismaelitas,
1105 4214 1138 4265 et
1155 4213 1266 4285 gentes
1288 4223 1361 4286 quae
1380 4203 1446 4265 Do

387 4364 390 4374 ,
493 4308 619 4370 minum
641 4305 837 4370 nesciebant.
884 4303 952 4367 Ubi
974 4313 1049 4367 sunt
1069 4304 1183 4387 (inquit
1202 4303 1372 4387 Propheta,
1393 4317 1450 4366 aut

496 4411 522 4473 si
545 4410 656 4487 mavis,
677 4406 752 4472 dum
776 4388 1085 4489 tamenin—opinio,
1107 4406 1250 4471 notarius
1271 4406 1446 4490 propbetael
