3575 5575
493 758 600 821 74,
738 766 875 813 Josuurs
890 762 1168 812 sssussnmnums
1310 743 1448 823 [sm.11.

492 941 550 1005 per
576 930 736 983 momenta
764 917 952 1004 praedonum
980 913 1134 980 satellites
1156 912 1336 998 rapiebant.
1382 912 1448 977 Pro

492 1021 609 1107 quibus
631 1023 743 1105 ingens
764 1019 879 1083 mulier
900 1017 990 1082 velut
1012 1018 1135 1095 insana,
1152 1015 1221 1099 jam
1243 1013 1382 1099 quadam
1405 1037 1448 1079 ex
1481 1006 1492 1045 l

492 1121 710 1207 indignatione
731 1121 941 1207 fatigabatur,
963 1118 1008 1185 ita
1031 1129 1068 1183 ut
1092 1115 1255 1181 interdum
1281 1115 1448 1201 praedones

493 1222 670 1286 maledictis
681 1225 714 1286 in
725 1244 831 1286 necem
846 1220 907 1297 sui,
917 1231 950 1283 et
961 1216 1107 1301 convitiis
1117 1216 1294 1301 instigaret.
1329 1218 1447 1283 Verum

492 1348 594 1411 quum
610 1347 714 1411 neque
724 1323 868 1388 irritatus
880 1321 1063 1408 quisquam,
1072 1341 1178 1404 neque
1187 1315 1367 1397 miseratus,
1378 1341 1448 1385 eam

493 1428 699 1513 opprimeret,
713 1438 747 1491 et
765 1427 792 1491 si
815 1423 894 1509 quid
918 1424 1001 1488 forte
1016 1422 1077 1487 cibi
1100 1421 1214 1487 fuisset
1236 1422 1279 1487 ab
1300 1444 1338 1485 ea
1359 1445 1449 1508 quae·

493 1529 602 1606 situm,
618 1528 652 1592 id
667 1528 708 1591 ab
723 1528 793 1591 aliis
815 1538 1024 1611 quaereretur,
1040 1547 1098 1589 nec
1115 1525 1184 1610 jam
1201 1546 1336 1610 usquam
1358 1546 1449 1609 repe·

492 1628 593 1693 riendi
617 1629 709 1714 copia
722 1628 824 1709 fieret,
838 1627 939 1691 fames
958 1638 1067 1690 autem
1090 1624 1160 1687 dira
1175 1624 1351 1689 visceribus
1371 1624 1450 1710 ipsis

493 1730 661 1806 insisteret,
676 1752 713 1793 ac
728 1726 899 1805 medullis;
923 1741 955 1793 et
970 1726 1012 1790 ad
1026 1726 1169 1791 furorem
1184 1738 1372 1811 perurgeret
1380 1728 1450 1812 jam

493 1832 608 1905 inedia,
625 1831 708 1894 fame
730 1841 762 1894 et
785 1829 842 1909 ira,
856 1828 1001 1913 pessimis
1022 1848 1082 1891 usa
1102 1826 1326 1907 cernitoribus,
1340 1839 1451 1892 contra

494 1934 564 2018 ipsa
581 1933 650 2017 jam
664 1943 806 1995 armatur
824 1931 901 2015 jura
914 1944 1048 1993 naturae.
1094 1932 1175 1993 Erat
1190 1952 1329 2016 namque
1344 1930 1373 1994 ei
1388 1931 1450 1996 sub

496 2031 649 2097 uberibus
679 2034 832 2117 parvulus
860 2030 964 2094 filius:
1002 2030 1087 2094 bunc
1108 2043 1183 2093 ante
1204 2030 1314 2093 oculos
1335 2029 1451 2111 ferens,

498 2135 651 2210 Infelicis,
667 2133 785 2219 inquit,
800 2132 911 2197 matris
925 2150 946 2195 o·
958 2131 1114 2196 infelicior
1133 2131 1192 2209 fili,
1207 2134 1241 2197 in
1256 2122 1351 2209 bello,
1365 2133 1450 2197 fame

497 2246 528 2302 et
543 2236 720 2322 direptione
734 2233 936 2320 praedonum,
950 2233 1000 2299 cui
1024 2246 1056 2297 te
1070 2232 1263 2299 reservabo?
1293 2238 1376 2299 Nam
1392 2234 1452 2300 etsi

497 2337 563 2402 vita
577 2335 698 2421 sperari
712 2346 829 2420 posset,
844 2346 875 2398 et
893 2335 977 2419 jugo
998 2335 1152 2398 Romanae
1174 2335 1335 2399 servitutis
1358 2357 1451 2420 urge-

498 2462 587 2503 mur:
629 2436 685 2504 sed
711 2458 795 2501 nune
825 2436 921 2501 etiam
949 2437 1051 2522 ipsam
1082 2436 1265 2504 servitutem
1296 2438 1451 2523 praevenit

498 2542 607 2607 fames.
653 2538 827 2603 Praedones
850 2560 925 2601 vero
938 2551 1088 2624 ‘utraque
1105 2540 1136 2603 vi
1160 2540 1320 2624 graviores
1342 2560 1453 2624 perur-

498 2653 583 2728 gent.
628 2640 707 2705 Veni
728 2662 804 2726 ergo
826 2661 911 2703 nunc
932 2663 952 2702 o
973 2638 1018 2702 mi
1032 2651 1126 2706 nate:
1156 2653 1224 2706 esto
1241 2641 1452 2719 matricibus,

498 2742 702 2830 predonibus
717 2742 819 2820 furor,
832 2741 957 2806 saeculis
967 2739 1091 2819 fabula,
1102 2763 1176 2828 quae
1192 2742 1259 2808 sola
1269 2742 1377 2808 deerat
1388 2742 1454 2808 cla·

498 2844 593 2912 dibus
605 2847 624 2911 J
628 2846 805 2912 udaeorum.
834 2847 878 2909 Et
891 2867 992 2930 quum
1005 2845 1076 2909 haec
1087 2845 1229 2922 dixisset,
1242 2845 1338 2912 simul
1348 2845 1450 2910 filium

497 2949 639 3034 jugulat.
685 2949 772 3012 Tum
795 2946 909 3010 deinde
931 2946 997 3032 igni
1025 2947 1262 3034 superpositum
1285 2960 1396 3027 torret,
1418 2960 1451 3012 et

499 3048 639 3115 medium
656 3048 778 3134 quippe
795 3048 919 3112 edendo
932 3050 1102 3126 consumit,
1115 3048 1255 3113 medium
1268 3074 1343 3117 vcro
1357 3071 1455 3114 reser-

502 3162 555 3215 vat
571 3151 744 3215 obtectum.
789 3153 835 3216 Et
857 3174 928 3214 eoce
943 3151 1110 3216 confestim
1135 3151 1301 3237 praedones
1316 3156 1454 3228 irruunt,

501 3251 657 3317 ambustae
682 3252 782 3316 carnis
806 3251 917 3317 nidore
940 3266 1105 3339 concepto,
1123 3264 1258 3316 mortem
1282 3252 1454 3330 minantur,

503 3352 562 3416 nisi
579 3353 644 3416 sine
659 3375 747 3418 mora
765 3354 862 3429 cibos,
879 3377 961 3439 quos
983 3367 1113 3439 paratos
1137 3366 1311 3432 senserant,
1325 3353 1456 3417 demon-

503 3465 627 3520 straret.
658 3453 751 3522 Tunc
765 3457 830 3538 illa,
842 3456 1004 3542 Equidem
1020 3468 1157 3543 partem,
1172 3456 1290 3542 inquit,
1301 3454 1456 3540 optimam

503 3556 593 3622 vobis
607 3557 784 3624 reservavi:
808 3571 840 3623 et
854 3559 1016 3636 contiuuo,
1029 3582 1104 3645 quae
1119 3559 1341 3645 superfuerant
1356 3579 1457 3623 mem-

502 3659 571 3736 bra,
587 3659 703 3724 retexit
723 3659 861 3725 infantis.
907 3665 950 3726 At
972 3661 1044 3724 illos
1059 3673 1190 3746 repente
1211 3659 1324 3746 ingens
1346 3660 1459 3724 borror

501 3764 628 3846 invasit,
649 3776 681 3830 et
708 3765 853 3830 crudeles
879 3766 1024 3849 quamvis
1051 3767 1159 3844 animi,
1182 3766 1362 3852 diriguere:
1393 3786 1456 3826 vox

502 3867 650 3934 faucibus
664 3867 836 3932 interclusa
850 3880 908 3932 est.
949 3867 1011 3932 Illa
1026 3891 1101 3932 vero
1116 3869 1199 3935 truci
1214 3868 1316 3940 vultu,
1333 3878 1366 3928 et
1379 3864 1458 3950 ipsis

503 3969 597 4032 etiam
611 3969 814 4054 praedonibus
826 3969 1046 4046 truculentior,
1060 3974 1166 4050 Meus,
1177 3968 1295 4055 inquit,
1305 3965 1459 4043 liliusest,

505 4091 594 4132 meus
610 4084 658 4134 est
681 4085 805 4156 partus,
823 4084 854 4136 et
877 4072 1002 4137 facinus
1028 4095 1133 4136 meum
1159 4083 1217 4135 est.
1261 4068 1370 4143 Edite‚
1384 4088 1458 4130 nam
1549 4077 1559 4088 “

504 4183 536 4236 et
561 4193 620 4254 ego
645 4171 733 4255 prior
754 4172 888 4253 comedi,
912 4197 987 4258 quae
1013 4173 1120 4260 genui.
1167 4171 1275 4236 Nolite
1299 4168 1380 4233 effici
1404 4181 1462 4235 aut

505 4283 605 4338 matre
631 4272 848 4356 religiosiores,
874 4287 932 4340 aut
957 4275 1089 4340 foemina
1114 4273 1289 4338 molliores:
1321 4269 1410 4356 quod
1432 4269 1460 4333 si

504 4398 559 4441 vos
569 4375 669 4462 pietas
679 4375 828 4455 vincit,et
838 4377 1027 4443 execramini
1038 4377 1125 4443 cibos
1136 4397 1299 4461 meos,ego
1309 4373 1459 4460 quaejam
