3575 5575
347 733 417 777 car.
437 716 474 796 1.]
696 731 949 776 ronrcsrrrcus.
1258 716 1295 773 17

347 884 407 947 sim
431 905 491 968 pro
516 884 748 967 indigentibus*
761 905 829 960 oro,
851 894 886 946 ut
913 894 1004 945 actus
1029 891 1062 945 et
1086 880 1298 964 cogitationes

344 995 479 1064 nostres,
495 984 699 1069 omnipotens
713 992 746 1048 et
766 984 932 1048 miserator
953 982 1044 1047 Deus
1065 982 1235 1058 emundet3
1264 991 1299 1045 et

345 1107 387 1149 ne
409 1088 557 1151 vitiorum
578 1087 737 1172 rapiamur
761 1086 929 1161 erroribus,
952 1084 1066 1167 spiritu
1091 1106 1149 1147 suo
1174 1092 1298 1173 mentes

347 1200 471 1254 nostras
484 1188 641 1253 illustrare
656 1188 804 1270 dignetur
819 1188 928 1269 magni
942 1182 1066 1251 consilii
1082 1186 1225 1291 Q·

454 1481 535 1545 Cae.
553 1484 579 1543 l.
606 1480 695 1548 Quid
707 1481 852 1543 manime
866 1477 1183 1560 noceatsorturaatis.

390 1596 501 1661 larus
515 1598 624 1661 omnia
646 1618 716 1680 quae
733 1597 811 1659 viris
826 1597 930 1659 solent
951 1597 1064 1658 obesse
1087 1594 1299 1677 principibus,

346 1699 428 1763 nibil
448 1698 660 1783 perniciosius
682 1718 752 1760 esse
775 1697 918 1770 arbitror,
942 1717 1038 1779 quam
1059 1694 1147 1779 quod
1169 1696 1215 1758 eie
1236 1695 1299 1759 for·

346 1814 432 1865 tunae
453 1799 648 1864 blandientis
673 1799 825 1862 illecebra
850 1809 1015 1880 aspectum
1041 1795 1198 1861 subtrahit
1220 1797 1297 1860 veri-

346 1902 431 1981 tatis,
446 1901 521 1965 dum
546 1900 673 1964 divitias
691 1910 813 1963 suaset
835 1898 962 1963 delitias
984 1898 1128 1980 congerit
1148 1896 1299 1973 mundus,

349 2004 468 2089 quibus
482 2002 612 2068 delicati
628 2023 741 2065 sensus
755 2001 950 2084 pruriginem
966 2000 1106 2064 vicissim
1122 1999 1253 2076 refovet,
1267 2011 1299 2061 et

346 2104 508 2182 accendit,
530 2116 566 2168 ut
589 2104 714 2168 animus
737 2103 910 2186 multiplici
935 2102 1166 2166 lenociniorum
1188 2099 1298 2166 fraude

348 2215 473 2292 captae,
498 2205 636 2291 quadam
661 2206 854 2269 alienatione
882 2206 942 2277 sui,
969 2206 1010 2267 ab
1036 2203 1186 2266 interiore
1211 2203 1298 2266 bono

348 2307 513 2386 deficiens,
539 2328 599 2390 per
627 2306 786 2370 exteriora
823 2305 992 2369 mendacia
1014 2304 1109 2367 variis
1131 2304 1300 2388 concupis·

347 2408 463 2471 centiis
488 2418 644 2491 evagetur.
698 2409 847 2471 Noverca
876 2405 1036 2490 siquidem
1063 2405 1186 2468 virtutis
1209 2422 1299 2489 pros·

345 2510 476 2591 peritas,
500 2509 636 2573 beatulis
662 2508 729 2571 suis
754 2509 800 2572 sie
827 2508 1006 2592 applaudit,
1031 2518 1067 2570 ut
1095 2517 1229 2569 noceat:
1267 2517 1300 2569 et

346 2610 469 2675 infelici
484 2630 634 2674 successu
650 2609 697 2674 sic
711 2610 745 2671 in
759 2609 810 2671 ria
825 2608 993 2672 fortunatis
1008 2607 1205 2690 obsequitur,
1216 2618 1252 2671 ut
1263 2608 1298 2670 in

345 2709 410 2772 fine
433 2710 605 2792 perniciem
628 2718 786 2792 operetur,
802 2707 945 2769 convivis
963 2706 1030 2769 suis
1049 2708 1091 2769 ab
1114 2706 1204 2769 initio
1226 2728 1299 2791 pro·

346 2811 463 2895 pinans
478 2795 594 2883 dulcia,
611 2819 642 2874 et
665 2830 763 2893 quum
785 2808 934 2871 inebriati
956 2808 1084 2884 fuerint,
1097 2809 1191 2872 letale
1216 2810 1301 2874 virus

347 2911 471 2988 miscet,
486 2921 517 2975 et
540 2910 667 2994 siquid
690 2909 830 2973 deterius
853 2918 917 2972 est:
950 2931 1015 2993 quo
1038 2910 1147 2992 specie
1161 2910 1213 2974 sui
1236 2911 1300 2974 cla·

348 3012 444 3076 rescit
481 3011 630 3096 amplius,
661 3032 700 3074 eo
738 3010 943 3093 stupentibus
979 3009 1084 3074 oculis
1122 3010 1300 3076 densiorem

347 3113 487 3179 infundit
512 3114 696 3196 caliginem.
750 3112 1030 3178 Invalescentibus
1056 3134 1132 3196 ergo
1161 3135 1301 3180 errorum

348 3217 501 3296 tenebris,
515 3206 629 3281 veritas
644 3216 815 3294 evanescit,
830 3225 863 3279 et
877 3216 1025 3279 virtutum
1041 3216 1148 3281 radice
1163 3218 1299 3292 succisa,

347 3339 438 3402 seges
460 3318 617 3399 germinat
636 3317 794 3398 vitiorum,
808 3318 917 3380 lumen
938 3318 1067 3381 rationis
1090 3319 1300 3401 extinguitur,

347 3432 381 3486 et
393 3432 480 3485 totus
493 3421 592 3485 bomo
608 3442 686 3486 casu
700 3422 873 3486 miserabili
888 3422 986 3485 fertur
1000 3423 1032 3485 iu
1048 3445 1204 3509 praeceps.
1245 3425 1299 3489 Sic

345 3520 670 3614 ratiffliecreatura
676 3521 847 3612 brutgscit,
862 3522 909 3585 sic
926 3522 1032 3605 imago
1048 3525 1197 3587 creatoris
1220 3547 1299 3609 qua-

343 3603 420 3685 da-rn
435 3642 557 3684 morum
572 3620 782 3683 similitudine
797 3620 991 3685 deformatur
1004 3623 1037 3685 in
1055 3624 1203 3703 bestiam,
1220 3627 1266 3690 sic
1283 3647 1303 3689 a

348 3721 541 3787 conditionis
567 3741 631 3784 suae
659 3720 814 3803 dignitate
840 3722 1013 3803 degenerat
1036 3724 1145 3803 homo,
1167 3727 1300 3792 vanitati

347 3823 460 3887 similis
474 3823 588 3900 factus,
603 3842 642 3884 eo
658 3821 747 3908 quod
761 3842 803 3884 ex
824 3821 945 3884 honore
961 3820 1078 3885 collato
1092 3823 1254 3907 intumuit,
1270 3844 1302 3894 et

345 3937 495 3988 atumore
505 3921 647 4007 perdidit
655 3921 862 3986 intellectum.
897 3921 1303 4026 Qsepilmepindignipr,

346 4022 1072 4188 Qube„srrrreeitlubsrraaaauml
1095 4009 1303 4118 ariamirus,

346 4144 411 4207 quo
453 4144 551 4207 parca
565 4144 661 4187 manu
677 4122 786 4187 datum
811 4134 870 4203 est,
884 4124 925 4188 ad
950 4146 1132 4191 mammam
1154 4129 1187 4193 in
1208 4152 1302 4197 usum

344 4223 429 4299 ritae,
443 4237 476 4287 et
495 4225 598 4288 solum
622 4223 761 4307 reparari
772 4241 839 4287 'non
863 4235 979 4307 potest,
994 4229 1137 4293 usuraria
1160 4232 1314 4315 quadam.

344 4324 530 4389 accessione
551 4336 583 4388 et
605 4325 726 4408 poenali
747 4327 955 4408 repetendum
980 4329 1106 4393 invitm
1129 4332 1301 4415 dispendia

389 4441 458 4490 von.
475 4442 526 4487 111.
812 4444 831 4487 c
