<?xml version="1.0" encoding="UTF-8"?>
<!DOCTYPE html PUBLIC "-//W3C//DTD XHTML 1.0 Transitional//EN"
    "http://www.w3.org/TR/xhtml1/DTD/xhtml1-transitional.dtd">
<html xmlns="http://www.w3.org/1999/xhtml" xml:lang="en" lang="en">
 <head>
  <title>
</title>
<meta http-equiv="Content-Type" content="text/html;charset=utf-8" />
  <meta name='ocr-system' content='tesseract 3.04.00' />
  <meta name='ocr-capabilities' content='ocr_page ocr_carea ocr_par ocr_line ocrx_word'/>
</head>
<body>
  <div class='ocr_page' id='page_1' title='image "./joannissaresber12johngoog_0262.png"; bbox 0 0 3575 5575; ppageno 0'>
   <div class='ocr_carea' id='block_1_1' title="bbox 490 821 1442 900">
    <p class='ocr_par' dir='ltr' id='par_1_1' title="bbox 490 821 1442 900">
     <span class='ocr_line' id='line_1_1' title="bbox 490 821 1442 900; baseline 0.006 -21"><span class='ocrx_word' id='word_1_1' title='bbox 490 821 554 879; x_wconf 71' lang='lat'><strong>252</strong></span> <span class='ocrx_word' id='word_1_2' title='bbox 754 834 890 879; x_wconf 75' lang='lat' dir='ltr'><strong>Joauurs</strong></span> <span class='ocrx_word' id='word_1_3' title='bbox 906 835 1186 881; x_wconf 77' lang='lat' dir='ltr'><strong>sannsannmusm</strong></span> <span class='ocrx_word' id='word_1_4' title='bbox 1298 821 1381 900; x_wconf 81' lang='lat' dir='ltr'><strong>[nra.</strong></span> <span class='ocrx_word' id='word_1_5' title='bbox 1398 841 1442 884; x_wconf 76' lang='grc' dir='ltr'><strong>ιν.</strong></span> 
     </span>
    </p>
   </div>
   <div class='ocr_carea' id='block_1_2' title="bbox 489 985 1445 2795">
    <p class='ocr_par' dir='ltr' id='par_1_2' title="bbox 489 985 1445 2795">
     <span class='ocr_line' id='line_1_2' title="bbox 493 985 1443 1067; baseline 0.002 -17"><span class='ocrx_word' id='word_1_6' title='bbox 493 985 705 1067; x_wconf 78' lang='lat' dir='ltr'><strong>sublimasset,</strong></span> <span class='ocrx_word' id='word_1_7' title='bbox 732 985 968 1051; x_wconf 79' lang='lat' dir='ltr'>succedentium</span> <span class='ocrx_word' id='word_1_8' title='bbox 1006 985 1065 1050; x_wconf 87' lang='lat' dir='ltr'>sibi</span> <span class='ocrx_word' id='word_1_9' title='bbox 1099 985 1238 1052; x_wconf 88' lang='lat' dir='ltr'><strong>filiorum</strong></span> <span class='ocrx_word' id='word_1_10' title='bbox 1273 988 1443 1067; x_wconf 90' lang='lat' dir='ltr'><strong>curriculo,</strong></span> 
     </span>
     <span class='ocr_line' id='line_1_3' title="bbox 493 1088 1443 1175; baseline 0.003 -22"><span class='ocrx_word' id='word_1_11' title='bbox 493 1111 628 1175; x_wconf 82' lang='lat' dir='ltr'><strong>regnum</strong></span> <span class='ocrx_word' id='word_1_12' title='bbox 643 1089 672 1153; x_wconf 89' lang='lat' dir='ltr'><strong>ei</strong></span> <span class='ocrx_word' id='word_1_13' title='bbox 687 1101 878 1175; x_wconf 91' lang='lat' dir='ltr'><strong>perpetuum</strong></span> <span class='ocrx_word' id='word_1_14' title='bbox 893 1088 1074 1174; x_wconf 88' lang='lat' dir='ltr'><strong>pollicetur.</strong></span> <span class='ocrx_word' id='word_1_15' title='bbox 1120 1092 1171 1154; x_wconf 91' lang='lat' dir='ltr'><strong>De</strong></span> <span class='ocrx_word' id='word_1_16' title='bbox 1191 1088 1301 1157; x_wconf 76' lang='lat' dir='ltr'><strong>fructu</strong></span> <span class='ocrx_word' id='word_1_17' title='bbox 1323 1094 1443 1156; x_wconf 90' lang='lat' dir='ltr'><strong>ventris</strong></span> 
     </span>
     <span class='ocr_line' id='line_1_4' title="bbox 494 1189 1443 1277; baseline 0.001 -22"><span class='ocrx_word' id='word_1_18' title='bbox 494 1191 555 1269; x_wconf 90' lang='lat' dir='ltr'><strong>tui,</strong></span> <span class='ocrx_word' id='word_1_19' title='bbox 576 1189 691 1277; x_wconf 90' lang='lat' dir='ltr'><strong>inquit,</strong></span> <span class='ocrx_word' id='word_1_20' title='bbox 713 1213 829 1276; x_wconf 92' lang='lat' dir='ltr'><strong>ponam</strong></span> <span class='ocrx_word' id='word_1_21' title='bbox 851 1213 946 1276; x_wconf 91' lang='lat' dir='ltr'><strong>super</strong></span> <span class='ocrx_word' id='word_1_22' title='bbox 972 1189 1079 1255; x_wconf 86' lang='lat' dir='ltr'><strong>sedern</strong></span> <span class='ocrx_word' id='word_1_23' title='bbox 1102 1204 1203 1270; x_wconf 89' lang='lat' dir='ltr'><strong>tuam,</strong></span> <span class='ocrx_word' id='word_1_24' title='bbox 1226 1205 1259 1258; x_wconf 91' lang='lat' dir='ltr'><strong>et</strong></span> <span class='ocrx_word' id='word_1_25' title='bbox 1285 1193 1311 1256; x_wconf 88' lang='lat' dir='ltr'><strong>si</strong></span> <span class='ocrx_word' id='word_1_26' title='bbox 1337 1205 1443 1258; x_wconf 89' lang='lat' dir='ltr'><strong>custo-</strong></span> 
     </span>
     <span class='ocr_line' id='line_1_5' title="bbox 492 1290 1442 1378; baseline 0.002 -24"><span class='ocrx_word' id='word_1_27' title='bbox 492 1291 622 1372; x_wconf 88' lang='lat' dir='ltr'><strong>dierint,</strong></span> <span class='ocrx_word' id='word_1_28' title='bbox 635 1291 694 1356; x_wconf 90' lang='lat' dir='ltr'><strong>filii</strong></span> <span class='ocrx_word' id='word_1_29' title='bbox 715 1291 764 1356; x_wconf 93' lang='lat' dir='ltr'><strong>tui</strong></span> <span class='ocrx_word' id='word_1_30' title='bbox 785 1290 936 1355; x_wconf 87' lang='lat' dir='ltr'><strong>mandata</strong></span> <span class='ocrx_word' id='word_1_31' title='bbox 953 1312 1035 1367; x_wconf 89' lang='lat' dir='ltr'><strong>mea,</strong></span> <span class='ocrx_word' id='word_1_32' title='bbox 1050 1315 1124 1378; x_wconf 85' lang='lat' dir='ltr'><strong>quae</strong></span> <span class='ocrx_word' id='word_1_33' title='bbox 1141 1293 1211 1376; x_wconf 87' lang='lat' dir='ltr'><strong>jam</strong></span> <span class='ocrx_word' id='word_1_34' title='bbox 1230 1291 1316 1373; x_wconf 91' lang='lat' dir='ltr'><strong>dedi,</strong></span> <span class='ocrx_word' id='word_1_35' title='bbox 1330 1304 1362 1357; x_wconf 89' lang='lat' dir='ltr'><strong>et</strong></span> <span class='ocrx_word' id='word_1_36' title='bbox 1382 1304 1442 1357; x_wconf 87' lang='lat' dir='ltr'><strong>tes-</strong></span> 
     </span>
     <span class='ocr_line' id='line_1_6' title="bbox 495 1392 1441 1479; baseline 0 -22"><span class='ocrx_word' id='word_1_37' title='bbox 495 1393 628 1457; x_wconf 79' lang='lat' dir='ltr'><strong>timonis</strong></span> <span class='ocrx_word' id='word_1_38' title='bbox 636 1415 706 1456; x_wconf 89' lang='lat' dir='ltr'><strong>mea</strong></span> <span class='ocrx_word' id='word_1_39' title='bbox 714 1413 787 1477; x_wconf 75' lang='lat' dir='ltr'><strong>quar</strong></span> <span class='ocrx_word' id='word_1_40' title='bbox 798 1415 855 1479; x_wconf 88' lang='lat' dir='ltr'><strong>per</strong></span> <span class='ocrx_word' id='word_1_41' title='bbox 866 1414 916 1455; x_wconf 91' lang='lat' dir='ltr'><strong>me</strong></span> <span class='ocrx_word' id='word_1_42' title='bbox 929 1392 979 1456; x_wconf 85' lang='lat' dir='ltr'><strong>vel</strong></span> <span class='ocrx_word' id='word_1_43' title='bbox 991 1393 1123 1458; x_wconf 90' lang='lat' dir='ltr'><strong>vicarios</strong></span> <span class='ocrx_word' id='word_1_44' title='bbox 1134 1415 1221 1458; x_wconf 91' lang='lat' dir='ltr'><strong>meos</strong></span> <span class='ocrx_word' id='word_1_45' title='bbox 1230 1393 1352 1458; x_wconf 87' lang='lat' dir='ltr'>docebo</span> <span class='ocrx_word' id='word_1_46' title='bbox 1360 1392 1441 1471; x_wconf 90' lang='lat' dir='ltr'><strong>illos,</strong></span> 
     </span>
     <span class='ocr_line' id='line_1_7' title="bbox 494 1490 1442 1580; baseline 0.001 -23"><span class='ocrx_word' id='word_1_47' title='bbox 494 1505 527 1557; x_wconf 93' lang='lat' dir='ltr'><strong>et</strong></span> <span class='ocrx_word' id='word_1_48' title='bbox 542 1492 602 1579; x_wconf 91' lang='lat' dir='ltr'><strong>ipsi</strong></span> <span class='ocrx_word' id='word_1_49' title='bbox 623 1504 656 1557; x_wconf 92' lang='lat' dir='ltr'><strong>et</strong></span> <span class='ocrx_word' id='word_1_50' title='bbox 677 1490 734 1556; x_wconf 90' lang='lat' dir='ltr'><strong>filii</strong></span> <span class='ocrx_word' id='word_1_51' title='bbox 754 1514 863 1556; x_wconf 89' lang='lat' dir='ltr'><strong>eorum</strong></span> <span class='ocrx_word' id='word_1_52' title='bbox 885 1490 1040 1558; x_wconf 91' lang='lat' dir='ltr'><strong>sedebunt</strong></span> <span class='ocrx_word' id='word_1_53' title='bbox 1060 1515 1154 1580; x_wconf 88' lang='lat' dir='ltr'><strong>snper</strong></span> <span class='ocrx_word' id='word_1_54' title='bbox 1175 1493 1280 1558; x_wconf 89' lang='lat' dir='ltr'><strong>sedem</strong></span> <span class='ocrx_word' id='word_1_55' title='bbox 1296 1506 1396 1574; x_wconf 91' lang='lat' dir='ltr'><strong>tuam,</strong></span> <span class='ocrx_word' id='word_1_56' title='bbox 1410 1507 1442 1558; x_wconf 90' lang='lat' dir='ltr'><strong>et</strong></span> 
     </span>
     <span class='ocr_line' id='line_1_8' title="bbox 494 1592 1442 1681; baseline 0.002 -25"><span class='ocrx_word' id='word_1_57' title='bbox 494 1592 665 1678; x_wconf 87' lang='lat' dir='ltr'><strong>ponamin</strong></span> <span class='ocrx_word' id='word_1_58' title='bbox 691 1592 843 1657; x_wconf 81' lang='lat' dir='ltr'><strong>saeculum</strong></span> <span class='ocrx_word' id='word_1_59' title='bbox 866 1592 974 1656; x_wconf 89' lang='lat' dir='ltr'><strong>saeculi</strong></span> <span class='ocrx_word' id='word_1_60' title='bbox 998 1593 1104 1659; x_wconf 88' lang='lat' dir='ltr'><strong>sedem</strong></span> <span class='ocrx_word' id='word_1_61' title='bbox 1128 1594 1208 1681; x_wconf 87' lang='lat' dir='ltr'><strong>ejus,</strong></span> <span class='ocrx_word' id='word_1_62' title='bbox 1233 1607 1265 1659; x_wconf 92' lang='lat' dir='ltr'><strong>et</strong></span> <span class='ocrx_word' id='word_1_63' title='bbox 1291 1594 1442 1659; x_wconf 80' lang='lat' dir='ltr'><strong>thronum</strong></span> 
     </span>
     <span class='ocr_line' id='line_1_9' title="bbox 494 1693 1443 1782; baseline 0.003 -25"><span class='ocrx_word' id='word_1_64' title='bbox 494 1697 564 1781; x_wconf 88' lang='lat' dir='ltr'><strong>ejus</strong></span> <span class='ocrx_word' id='word_1_65' title='bbox 579 1695 661 1760; x_wconf 91' lang='lat' dir='ltr'><strong>sicut</strong></span> <span class='ocrx_word' id='word_1_66' title='bbox 676 1694 746 1759; x_wconf 89' lang='lat' dir='ltr'><strong>dies</strong></span> <span class='ocrx_word' id='word_1_67' title='bbox 760 1693 841 1759; x_wconf 90' lang='lat' dir='ltr'><strong>coeli.</strong></span> <span class='ocrx_word' id='word_1_68' title='bbox 890 1693 924 1758; x_wconf 86' lang='lat' dir='ltr'><strong>Si</strong></span> <span class='ocrx_word' id='word_1_69' title='bbox 939 1706 1046 1759; x_wconf 89' lang='lat' dir='ltr'><strong>autem</strong></span> <span class='ocrx_word' id='word_1_70' title='bbox 1062 1695 1288 1782; x_wconf 85' lang='lat' dir='ltr'><strong>dereliquerint</strong></span> <span class='ocrx_word' id='word_1_71' title='bbox 1302 1695 1360 1759; x_wconf 90' lang='lat' dir='ltr'><strong>filii</strong></span> <span class='ocrx_word' id='word_1_72' title='bbox 1374 1695 1443 1782; x_wconf 92' lang='lat' dir='ltr'><strong>ejus</strong></span> 
     </span>
     <span class='ocr_line' id='line_1_10' title="bbox 495 1794 1442 1883; baseline 0.002 -22"><span class='ocrx_word' id='word_1_73' title='bbox 495 1795 595 1883; x_wconf 86' lang='lat' dir='ltr'><strong>legem</strong></span> <span class='ocrx_word' id='word_1_74' title='bbox 611 1819 725 1874; x_wconf 87' lang='lat' dir='ltr'><strong>meam,</strong></span> <span class='ocrx_word' id='word_1_75' title='bbox 740 1808 772 1861; x_wconf 92' lang='lat' dir='ltr'><strong>et</strong></span> <span class='ocrx_word' id='word_1_76' title='bbox 789 1796 823 1860; x_wconf 93' lang='lat' dir='ltr'><strong>in</strong></span> <span class='ocrx_word' id='word_1_77' title='bbox 839 1794 972 1883; x_wconf 89' lang='lat' dir='ltr'><strong>judiciis</strong></span> <span class='ocrx_word' id='word_1_78' title='bbox 985 1796 1065 1861; x_wconf 89' lang='lat' dir='ltr'><strong>meis</strong></span> <span class='ocrx_word' id='word_1_79' title='bbox 1078 1820 1141 1861; x_wconf 91' lang='lat' dir='ltr'><strong>non</strong></span> <span class='ocrx_word' id='word_1_80' title='bbox 1157 1795 1399 1874; x_wconf 82' lang='lat' dir='ltr'><strong>ambulaverint,</strong></span> <span class='ocrx_word' id='word_1_81' title='bbox 1416 1797 1442 1863; x_wconf 87' lang='lat' dir='ltr'><strong>si</strong></span> 
     </span>
     <span class='ocr_line' id='line_1_11' title="bbox 489 1895 1443 1982; baseline -0.001 -21"><span class='ocrx_word' id='word_1_82' title='bbox 489 1897 632 1982; x_wconf 84' lang='lat' dir='ltr'><strong>justitias</strong></span> <span class='ocrx_word' id='word_1_83' title='bbox 661 1919 746 1960; x_wconf 91' lang='lat' dir='ltr'><strong>meas</strong></span> <span class='ocrx_word' id='word_1_84' title='bbox 772 1895 1020 1982; x_wconf 81' lang='lat' dir='ltr'><strong>profanaverint,</strong></span> <span class='ocrx_word' id='word_1_85' title='bbox 1046 1909 1090 1960; x_wconf 87' lang='lat' dir='ltr'><strong>et.</strong></span> <span class='ocrx_word' id='word_1_86' title='bbox 1107 1896 1257 1960; x_wconf 87' lang='lat' dir='ltr'><strong>mandata</strong></span> <span class='ocrx_word' id='word_1_87' title='bbox 1282 1918 1352 1960; x_wconf 88' lang='lat' dir='ltr'><strong>mea</strong></span> <span class='ocrx_word' id='word_1_88' title='bbox 1381 1919 1443 1961; x_wconf 90' lang='lat' dir='ltr'><strong>nou</strong></span> 
     </span>
     <span class='ocr_line' id='line_1_12' title="bbox 494 1997 1441 2084; baseline -0.002 -20"><span class='ocrx_word' id='word_1_89' title='bbox 494 1997 713 2075; x_wconf 88' lang='lat' dir='ltr'><strong>custodierint,</strong></span> <span class='ocrx_word' id='word_1_90' title='bbox 731 1998 868 2063; x_wconf 85' lang='lat' dir='ltr'><strong>visitabo</strong></span> <span class='ocrx_word' id='word_1_91' title='bbox 890 2002 925 2062; x_wconf 92' lang='lat' dir='ltr'><strong>in</strong></span> <span class='ocrx_word' id='word_1_92' title='bbox 949 2001 1040 2083; x_wconf 83' lang='lat' dir='ltr'><strong>virga</strong></span> <span class='ocrx_word' id='word_1_93' title='bbox 1058 1997 1243 2084; x_wconf 89' lang='lat' dir='ltr'><strong>iniquitates</strong></span> <span class='ocrx_word' id='word_1_94' title='bbox 1262 2019 1384 2075; x_wconf 90' lang='lat' dir='ltr'><strong>eorum,</strong></span> <span class='ocrx_word' id='word_1_95' title='bbox 1405 2010 1441 2062; x_wconf 89' lang='lat' dir='ltr'><strong>ut</strong></span> 
     </span>
     <span class='ocr_line' id='line_1_13' title="bbox 495 2097 1443 2186; baseline -0.002 -22"><span class='ocrx_word' id='word_1_96' title='bbox 495 2100 647 2165; x_wconf 88' lang='lat' dir='ltr'><strong>translato</strong></span> <span class='ocrx_word' id='word_1_97' title='bbox 669 2121 768 2183; x_wconf 87' lang='lat' dir='ltr'><strong>regno</strong></span> <span class='ocrx_word' id='word_1_98' title='bbox 792 2100 833 2162; x_wconf 92' lang='lat' dir='ltr'><strong>de</strong></span> <span class='ocrx_word' id='word_1_99' title='bbox 857 2110 953 2182; x_wconf 87' lang='lat' dir='ltr'><strong>gente</strong></span> <span class='ocrx_word' id='word_1_100' title='bbox 977 2099 1009 2163; x_wconf 92' lang='lat' dir='ltr'><strong>in</strong></span> <span class='ocrx_word' id='word_1_101' title='bbox 1033 2112 1171 2186; x_wconf 84' lang='lat' dir='ltr'><strong>gentem,</strong></span> <span class='ocrx_word' id='word_1_102' title='bbox 1197 2111 1229 2164; x_wconf 90' lang='lat' dir='ltr'><strong>et</strong></span> <span class='ocrx_word' id='word_1_103' title='bbox 1258 2097 1369 2164; x_wconf 83' lang='lat' dir='ltr'><strong>deletis</strong></span> <span class='ocrx_word' id='word_1_104' title='bbox 1394 2099 1443 2163; x_wconf 92' lang='lat' dir='ltr'><strong>his</strong></span> 
     </span>
     <span class='ocr_line' id='line_1_14' title="bbox 494 2197 1442 2284; baseline 0.002 -22"><span class='ocrx_word' id='word_1_105' title='bbox 494 2198 674 2279; x_wconf 86' lang='lat' dir='ltr'><strong>heredibus,</strong></span> <span class='ocrx_word' id='word_1_106' title='bbox 698 2197 754 2284; x_wconf 92' lang='lat' dir='ltr'><strong>qui</strong></span> <span class='ocrx_word' id='word_1_107' title='bbox 784 2197 956 2264; x_wconf 83' lang='lat' dir='ltr'><strong>secundum</strong></span> <span class='ocrx_word' id='word_1_108' title='bbox 987 2221 1112 2265; x_wconf 88' lang='lat' dir='ltr'><strong>carnem</strong></span> <span class='ocrx_word' id='word_1_109' title='bbox 1142 2223 1210 2266; x_wconf 90' lang='lat' dir='ltr'><strong>esse</strong></span> <span class='ocrx_word' id='word_1_110' title='bbox 1236 2199 1386 2264; x_wconf 88' lang='lat' dir='ltr'><strong>videntur</strong></span> <span class='ocrx_word' id='word_1_111' title='bbox 1410 2204 1442 2266; x_wconf 91' lang='lat' dir='ltr'><strong>in</strong></span> 
     </span>
     <span class='ocr_line' id='line_1_15' title="bbox 494 2300 1441 2388; baseline 0.001 -23"><span class='ocrx_word' id='word_1_112' title='bbox 494 2300 621 2381; x_wconf 88' lang='lat' dir='ltr'><strong>semine,</strong></span> <span class='ocrx_word' id='word_1_113' title='bbox 648 2301 857 2366; x_wconf 84' lang='lat' dir='ltr'><strong>transferatur</strong></span> <span class='ocrx_word' id='word_1_114' title='bbox 879 2301 1033 2366; x_wconf 89' lang='lat' dir='ltr'><strong>successio</strong></span> <span class='ocrx_word' id='word_1_115' title='bbox 1057 2301 1099 2366; x_wconf 91' lang='lat' dir='ltr'><strong>ad</strong></span> <span class='ocrx_word' id='word_1_116' title='bbox 1122 2301 1206 2379; x_wconf 89' lang='lat' dir='ltr'><strong>illos,</strong></span> <span class='ocrx_word' id='word_1_117' title='bbox 1230 2300 1288 2388; x_wconf 91' lang='lat' dir='ltr'><strong>qui</strong></span> <span class='ocrx_word' id='word_1_118' title='bbox 1310 2300 1385 2366; x_wconf 88' lang='lat' dir='ltr'><strong>fidei</strong></span> <span class='ocrx_word' id='word_1_119' title='bbox 1410 2314 1441 2366; x_wconf 84' lang='lat' dir='ltr'><strong>et</strong></span> 
     </span>
     <span class='ocr_line' id='line_1_16' title="bbox 489 2401 1443 2489; baseline -0.001 -22"><span class='ocrx_word' id='word_1_120' title='bbox 489 2402 625 2489; x_wconf 87' lang='lat' dir='ltr'><strong>justitiae</strong></span> <span class='ocrx_word' id='word_1_121' title='bbox 644 2401 850 2484; x_wconf 89' lang='lat' dir='ltr'><strong>inveniuntur</strong></span> <span class='ocrx_word' id='word_1_122' title='bbox 870 2402 1011 2468; x_wconf 87' lang='lat' dir='ltr'><strong>heredes.</strong></span> <span class='ocrx_word' id='word_1_123' title='bbox 1058 2404 1097 2466; x_wconf 93' lang='lat' dir='ltr'><strong>In</strong></span> <span class='ocrx_word' id='word_1_124' title='bbox 1112 2424 1214 2489; x_wconf 88' lang='lat' dir='ltr'><strong>eoque</strong></span> <span class='ocrx_word' id='word_1_125' title='bbox 1231 2401 1443 2488; x_wconf 87' lang='lat' dir='ltr'><strong>promissionis</strong></span> 
     </span>
     <span class='ocr_line' id='line_1_17' title="bbox 494 2503 1445 2592; baseline 0 -25"><span class='ocrx_word' id='word_1_126' title='bbox 494 2505 640 2569; x_wconf 89' lang='lat' dir='ltr'><strong>subsistit</strong></span> <span class='ocrx_word' id='word_1_127' title='bbox 664 2503 788 2582; x_wconf 79' lang='lat' dir='ltr'><strong>veritas,</strong></span> <span class='ocrx_word' id='word_1_128' title='bbox 805 2516 837 2569; x_wconf 91' lang='lat' dir='ltr'><strong>et</strong></span> <span class='ocrx_word' id='word_1_129' title='bbox 859 2517 928 2571; x_wconf 86' lang='lat' dir='ltr'><strong>rata</strong></span> <span class='ocrx_word' id='word_1_130' title='bbox 950 2518 1135 2592; x_wconf 88' lang='lat' dir='ltr'><strong>permanent</strong></span> <span class='ocrx_word' id='word_1_131' title='bbox 1158 2528 1231 2590; x_wconf 87' lang='lat' dir='ltr'><strong>quoe</strong></span> <span class='ocrx_word' id='word_1_132' title='bbox 1253 2528 1290 2569; x_wconf 78' lang='lat' dir='ltr'><strong>en</strong></span> <span class='ocrx_word' id='word_1_133' title='bbox 1315 2527 1369 2567; x_wconf 91' lang='lat' dir='ltr'><strong>ore</strong></span> <span class='ocrx_word' id='word_1_134' title='bbox 1385 2505 1445 2568; x_wconf 89' lang='lat' dir='ltr'><strong>Al-</strong></span> 
     </span>
     <span class='ocr_line' id='line_1_18' title="bbox 494 2605 1442 2694; baseline -0.003 -21"><span class='ocrx_word' id='word_1_135' title='bbox 494 2607 606 2673; x_wconf 91' lang='lat' dir='ltr'><strong>tissimi</strong></span> <span class='ocrx_word' id='word_1_136' title='bbox 621 2612 858 2692; x_wconf 85' lang='lat' dir='ltr'><strong>processerunt,</strong></span> <span class='ocrx_word' id='word_1_137' title='bbox 877 2607 964 2693; x_wconf 92' lang='lat' dir='ltr'><strong>quod</strong></span> <span class='ocrx_word' id='word_1_138' title='bbox 986 2607 1084 2694; x_wconf 84' lang='lat' dir='ltr'><strong>justis</strong></span> <span class='ocrx_word' id='word_1_139' title='bbox 1103 2607 1232 2692; x_wconf 87' lang='lat' dir='ltr'><strong>regibus</strong></span> <span class='ocrx_word' id='word_1_140' title='bbox 1250 2605 1442 2671; x_wconf 88' lang='lat' dir='ltr'><strong>successione</strong></span> 
     </span>
     <span class='ocr_line' id='line_1_19' title="bbox 494 2710 1441 2795; baseline 0 -21"><span class='ocrx_word' id='word_1_141' title='bbox 494 2710 636 2775; x_wconf 89' lang='lat' dir='ltr'><strong>fidelium</strong></span> <span class='ocrx_word' id='word_1_142' title='bbox 659 2732 763 2775; x_wconf 90' lang='lat' dir='ltr'><strong>semen</strong></span> <span class='ocrx_word' id='word_1_143' title='bbox 783 2723 948 2795; x_wconf 89' lang='lat' dir='ltr'><strong>permanet</strong></span> <span class='ocrx_word' id='word_1_144' title='bbox 967 2711 1000 2776; x_wconf 94' lang='lat' dir='ltr'><strong>in</strong></span> <span class='ocrx_word' id='word_1_145' title='bbox 1022 2726 1189 2776; x_wconf 81' lang='lat' dir='ltr'><strong>aeteruum.</strong></span> <span class='ocrx_word' id='word_1_146' title='bbox 1236 2714 1316 2776; x_wconf 75' lang='lat' dir='ltr'><strong>Hac</strong></span> <span class='ocrx_word' id='word_1_147' title='bbox 1335 2727 1441 2775; x_wconf 87' lang='lat' dir='ltr'><strong>autem</strong></span> 
     </span>
    </p>
   </div>
   <div class='ocr_carea' id='block_1_3' title="bbox 494 2810 1444 3000">
    <p class='ocr_par' dir='ltr' id='par_1_3' title="bbox 494 2810 1444 3000">
     <span class='ocr_line' id='line_1_20' title="bbox 494 2810 1443 2901; baseline -0.004 -22"><span class='ocrx_word' id='word_1_148' title='bbox 494 2826 530 2879; x_wconf 90' lang='lat' dir='ltr'><strong>ut</strong></span> <span class='ocrx_word' id='word_1_149' title='bbox 545 2814 586 2877; x_wconf 87' lang='lat' dir='ltr'><strong>ad</strong></span> <span class='ocrx_word' id='word_1_150' title='bbox 601 2835 740 2899; x_wconf 80' lang='lat' dir='ltr'><strong>praesens</strong></span> <span class='ocrx_word' id='word_1_151' title='bbox 755 2815 795 2878; x_wconf 90' lang='lat' dir='ltr'><strong>de</strong></span> <span class='ocrx_word' id='word_1_152' title='bbox 809 2813 950 2895; x_wconf 84' lang='lat' dir='ltr'><strong>Christo,</strong></span> <span class='ocrx_word' id='word_1_153' title='bbox 961 2818 1018 2901; x_wconf 89' lang='lat' dir='ltr'><strong>qui</strong></span> <span class='ocrx_word' id='word_1_154' title='bbox 1032 2814 1138 2879; x_wconf 81' lang='lat' dir='ltr'><strong>factus</strong></span> <span class='ocrx_word' id='word_1_155' title='bbox 1152 2812 1322 2879; x_wconf 83' lang='lat' dir='ltr'><strong>exsemine</strong></span> <span class='ocrx_word' id='word_1_156' title='bbox 1335 2810 1443 2876; x_wconf 90' lang='lat' dir='ltr'><strong>David</strong></span> 
     </span>
     <span class='ocr_line' id='line_1_21' title="bbox 494 2911 1444 3000; baseline -0.005 -20"><span class='ocrx_word' id='word_1_157' title='bbox 494 2914 667 2980; x_wconf 87' lang='lat' dir='ltr'><strong>secundum</strong></span> <span class='ocrx_word' id='word_1_158' title='bbox 683 2936 821 2992; x_wconf 89' lang='lat' dir='ltr'><strong>carnem,</strong></span> <span class='ocrx_word' id='word_1_159' title='bbox 837 2937 893 2978; x_wconf 89' lang='lat' dir='ltr'><strong>rex</strong></span> <span class='ocrx_word' id='word_1_160' title='bbox 915 2937 1028 3000; x_wconf 87' lang='lat' dir='ltr'><strong>regum</strong></span> <span class='ocrx_word' id='word_1_161' title='bbox 1047 2927 1106 2994; x_wconf 88' lang='lat' dir='ltr'><strong>est,</strong></span> <span class='ocrx_word' id='word_1_162' title='bbox 1122 2928 1154 2978; x_wconf 89' lang='lat' dir='ltr'><strong>et</strong></span> <span class='ocrx_word' id='word_1_163' title='bbox 1175 2912 1323 2979; x_wconf 91' lang='lat' dir='ltr'><strong>dominus</strong></span> <span class='ocrx_word' id='word_1_164' title='bbox 1344 2911 1444 2977; x_wconf 91' lang='lat' dir='ltr'><strong>domi-</strong></span> 
     </span>
    </p>
   </div>
   <div class='ocr_carea' id='block_1_4' title="bbox 492 3013 1449 4517">
    <p class='ocr_par' dir='ltr' id='par_1_4' title="bbox 492 3013 1449 4517">
     <span class='ocr_line' id='line_1_22' title="bbox 493 3013 1445 3094; baseline -0.001 -15"><span class='ocrx_word' id='word_1_165' title='bbox 493 3013 648 3094; x_wconf 87' lang='lat' dir='ltr'><strong>nantium,</strong></span> <span class='ocrx_word' id='word_1_166' title='bbox 670 3014 757 3080; x_wconf 91' lang='lat' dir='ltr'><strong>nulla</strong></span> <span class='ocrx_word' id='word_1_167' title='bbox 779 3017 819 3079; x_wconf 90' lang='lat' dir='ltr'><strong>sit</strong></span> <span class='ocrx_word' id='word_1_168' title='bbox 843 3018 974 3093; x_wconf 90' lang='lat' dir='ltr'><strong>mentio,</strong></span> <span class='ocrx_word' id='word_1_169' title='bbox 993 3015 1086 3080; x_wconf 86' lang='lat' dir='ltr'><strong>etiarn</strong></span> <span class='ocrx_word' id='word_1_170' title='bbox 1111 3014 1288 3081; x_wconf 87' lang='lat' dir='ltr'><strong>secundum</strong></span> <span class='ocrx_word' id='word_1_171' title='bbox 1307 3014 1445 3094; x_wconf 88' lang='lat' dir='ltr'><strong>literam,</strong></span> 
     </span>
     <span class='ocr_line' id='line_1_23' title="bbox 492 3116 1445 3206; baseline -0.002 -24"><span class='ocrx_word' id='word_1_172' title='bbox 492 3129 646 3204; x_wconf 90' lang='lat' dir='ltr'><strong>perpetuo</strong></span> <span class='ocrx_word' id='word_1_173' title='bbox 667 3116 804 3182; x_wconf 89' lang='lat' dir='ltr'><strong>arbitror</strong></span> <span class='ocrx_word' id='word_1_174' title='bbox 826 3118 981 3195; x_wconf 91' lang='lat' dir='ltr'><strong>obtinere,</strong></span> <span class='ocrx_word' id='word_1_175' title='bbox 1004 3130 1041 3182; x_wconf 92' lang='lat' dir='ltr'><strong>ut</strong></span> <span class='ocrx_word' id='word_1_176' title='bbox 1065 3116 1236 3206; x_wconf 86' lang='lat' dir='ltr'><strong>succedant</strong></span> <span class='ocrx_word' id='word_1_177' title='bbox 1258 3117 1445 3202; x_wconf 87' lang='lat' dir='ltr'><strong>parentibus</strong></span> 
     </span>
     <span class='ocr_line' id='line_1_24' title="bbox 494 3218 1445 3296; baseline -0.001 -13"><span class='ocrx_word' id='word_1_178' title='bbox 494 3219 563 3296; x_wconf 89' lang='lat' dir='ltr'><strong>filii,</strong></span> <span class='ocrx_word' id='word_1_179' title='bbox 579 3220 606 3283; x_wconf 91' lang='lat' dir='ltr'><strong>si</strong></span> <span class='ocrx_word' id='word_1_180' title='bbox 621 3242 682 3283; x_wconf 86' lang='lat' dir='ltr'><strong>eos</strong></span> <span class='ocrx_word' id='word_1_181' title='bbox 700 3220 733 3283; x_wconf 93' lang='lat' dir='ltr'><strong>in</strong></span> <span class='ocrx_word' id='word_1_182' title='bbox 748 3219 907 3285; x_wconf 86' lang='lat' dir='ltr'><strong>mandatis</strong></span> <span class='ocrx_word' id='word_1_183' title='bbox 930 3222 1062 3285; x_wconf 91' lang='lat' dir='ltr'><strong>Domini</strong></span> <span class='ocrx_word' id='word_1_184' title='bbox 1077 3219 1214 3285; x_wconf 88' lang='lat' dir='ltr'><strong>fideliter</strong></span> <span class='ocrx_word' id='word_1_185' title='bbox 1233 3218 1353 3284; x_wconf 90' lang='lat' dir='ltr'><strong>fuerint</strong></span> <span class='ocrx_word' id='word_1_186' title='bbox 1374 3219 1445 3283; x_wconf 91' lang='lat' dir='ltr'><strong>imi-</strong></span> 
     </span>
     <span class='ocr_line' id='line_1_25' title="bbox 494 3316 1442 3403; baseline 0.002 -22"><span class='ocrx_word' id='word_1_187' title='bbox 494 3316 563 3381; x_wconf 85' lang='lat' dir='ltr'><strong>tati.</strong></span> <span class='ocrx_word' id='word_1_188' title='bbox 608 3316 702 3379; x_wconf 89' lang='lat' dir='ltr'><strong>Adeo</strong></span> <span class='ocrx_word' id='word_1_189' title='bbox 718 3317 889 3402; x_wconf 88' lang='lat' dir='ltr'><strong>siquidem,</strong></span> <span class='ocrx_word' id='word_1_190' title='bbox 906 3331 941 3382; x_wconf 92' lang='lat' dir='ltr'><strong>ut</strong></span> <span class='ocrx_word' id='word_1_191' title='bbox 963 3318 988 3383; x_wconf 88' lang='lat' dir='ltr'><strong>si</strong></span> <span class='ocrx_word' id='word_1_192' title='bbox 1007 3319 1155 3383; x_wconf 90' lang='lat' dir='ltr'><strong>omnibus</strong></span> <span class='ocrx_word' id='word_1_193' title='bbox 1169 3332 1254 3383; x_wconf 88' lang='lat' dir='ltr'><strong>recte</strong></span> <span class='ocrx_word' id='word_1_194' title='bbox 1269 3317 1442 3403; x_wconf 89' lang='lat' dir='ltr'><strong>dispositis,</strong></span> 
     </span>
     <span class='ocr_line' id='line_1_26' title="bbox 493 3418 1442 3497; baseline 0 -14"><span class='ocrx_word' id='word_1_195' title='bbox 493 3418 578 3483; x_wconf 90' lang='lat' dir='ltr'><strong>etin</strong></span> <span class='ocrx_word' id='word_1_196' title='bbox 600 3440 638 3480; x_wconf 91' lang='lat' dir='ltr'><strong>eo</strong></span> <span class='ocrx_word' id='word_1_197' title='bbox 657 3419 869 3497; x_wconf 90' lang='lat' dir='ltr'><strong>manentibus,</strong></span> <span class='ocrx_word' id='word_1_198' title='bbox 884 3418 974 3483; x_wconf 88' lang='lat' dir='ltr'><strong>nulla</strong></span> <span class='ocrx_word' id='word_1_199' title='bbox 993 3419 1141 3485; x_wconf 88' lang='lat' dir='ltr'><strong>videatur</strong></span> <span class='ocrx_word' id='word_1_200' title='bbox 1161 3444 1227 3485; x_wconf 89' lang='lat' dir='ltr'><strong>esse</strong></span> <span class='ocrx_word' id='word_1_201' title='bbox 1250 3419 1442 3497; x_wconf 92' lang='lat' dir='ltr'><strong>sollicitudo,</strong></span> 
     </span>
     <span class='ocr_line' id='line_1_27' title="bbox 494 3517 1445 3606; baseline 0.003 -26"><span class='ocrx_word' id='word_1_202' title='bbox 494 3517 543 3583; x_wconf 87' lang='lat' dir='ltr'><strong>vel</strong></span> <span class='ocrx_word' id='word_1_203' title='bbox 558 3517 697 3582; x_wconf 89' lang='lat' dir='ltr'><strong>officium</strong></span> <span class='ocrx_word' id='word_1_204' title='bbox 718 3517 929 3604; x_wconf 75' lang='lat' dir='ltr'><strong>praesidentis,</strong></span> <span class='ocrx_word' id='word_1_205' title='bbox 943 3531 1068 3584; x_wconf 87' lang='lat' dir='ltr'><strong>constat</strong></span> <span class='ocrx_word' id='word_1_206' title='bbox 1088 3521 1140 3585; x_wconf 91' lang='lat' dir='ltr'><strong>his</strong></span> <span class='ocrx_word' id='word_1_207' title='bbox 1162 3522 1220 3605; x_wconf 91' lang='lat' dir='ltr'><strong>qui</strong></span> <span class='ocrx_word' id='word_1_208' title='bbox 1242 3518 1338 3583; x_wconf 88' lang='lat' dir='ltr'><strong>semel</strong></span> <span class='ocrx_word' id='word_1_209' title='bbox 1359 3518 1445 3606; x_wconf 89' lang='lat' dir='ltr'><strong>prin-</strong></span> 
     </span>
     <span class='ocr_line' id='line_1_28' title="bbox 492 3618 1442 3706; baseline 0.002 -22"><span class='ocrx_word' id='word_1_210' title='bbox 492 3620 593 3706; x_wconf 90' lang='lat' dir='ltr'><strong>cipem</strong></span> <span class='ocrx_word' id='word_1_211' title='bbox 609 3618 818 3697; x_wconf 87' lang='lat' dir='ltr'><strong>admiserunt,</strong></span> <span class='ocrx_word' id='word_1_212' title='bbox 833 3619 874 3685; x_wconf 91' lang='lat' dir='ltr'><strong>de</strong></span> <span class='ocrx_word' id='word_1_213' title='bbox 896 3621 1013 3685; x_wconf 85' lang='lat' dir='ltr'><strong>semine</strong></span> <span class='ocrx_word' id='word_1_214' title='bbox 1033 3621 1120 3686; x_wconf 89' lang='lat' dir='ltr'><strong>illius</strong></span> <span class='ocrx_word' id='word_1_215' title='bbox 1135 3622 1366 3687; x_wconf 87' lang='lat' dir='ltr'><strong>successionem</strong></span> <span class='ocrx_word' id='word_1_216' title='bbox 1381 3644 1442 3686; x_wconf 90' lang='lat' dir='ltr'><strong>non</strong></span> 
     </span>
     <span class='ocr_line' id='line_1_29' title="bbox 492 3720 1443 3808; baseline -0.002 -21"><span class='ocrx_word' id='word_1_217' title='bbox 492 3722 689 3808; x_wconf 76' lang='lat' dir='ltr'><strong>defuturam,</strong></span> <span class='ocrx_word' id='word_1_218' title='bbox 709 3720 769 3785; x_wconf 87' lang='lat' dir='ltr'><strong>etsi</strong></span> <span class='ocrx_word' id='word_1_219' title='bbox 787 3744 850 3785; x_wconf 91' lang='lat' dir='ltr'><strong>non</strong></span> <span class='ocrx_word' id='word_1_220' title='bbox 873 3722 916 3787; x_wconf 96' lang='lat' dir='ltr'><strong>ob</strong></span> <span class='ocrx_word' id='word_1_221' title='bbox 935 3721 1036 3803; x_wconf 89' lang='lat' dir='ltr'><strong>aliud,</strong></span> <span class='ocrx_word' id='word_1_222' title='bbox 1059 3722 1109 3785; x_wconf 87' lang='lat' dir='ltr'><strong>vel</strong></span> <span class='ocrx_word' id='word_1_223' title='bbox 1136 3722 1177 3786; x_wconf 91' lang='lat' dir='ltr'><strong>ad</strong></span> <span class='ocrx_word' id='word_1_224' title='bbox 1197 3723 1443 3787; x_wconf 87' lang='lat' dir='ltr'><strong>conservandam</strong></span> 
     </span>
     <span class='ocr_line' id='line_1_30' title="bbox 493 3823 1444 3910; baseline -0.004 -21"><span class='ocrx_word' id='word_1_225' title='bbox 493 3824 654 3910; x_wconf 82' lang='lat' dir='ltr'><strong>sanguinis</strong></span> <span class='ocrx_word' id='word_1_226' title='bbox 668 3823 854 3889; x_wconf 90' lang='lat' dir='ltr'><strong>claritatem.</strong></span> <span class='ocrx_word' id='word_1_227' title='bbox 901 3824 995 3901; x_wconf 86' lang='lat' dir='ltr'><strong>Quod</strong></span> <span class='ocrx_word' id='word_1_228' title='bbox 1010 3836 1043 3889; x_wconf 91' lang='lat' dir='ltr'><strong>et</strong></span> <span class='ocrx_word' id='word_1_229' title='bbox 1057 3824 1261 3889; x_wconf 89' lang='lat' dir='ltr'><strong>historiarum</strong></span> <span class='ocrx_word' id='word_1_230' title='bbox 1274 3824 1375 3908; x_wconf 90' lang='lat' dir='ltr'><strong>liquet</strong></span> <span class='ocrx_word' id='word_1_231' title='bbox 1390 3845 1444 3886; x_wconf 84' lang='lat' dir='ltr'><strong>ex-</strong></span> 
     </span>
     <span class='ocr_line' id='line_1_31' title="bbox 493 3922 1440 4010; baseline 0 -23"><span class='ocrx_word' id='word_1_232' title='bbox 493 3923 614 4008; x_wconf 90' lang='lat' dir='ltr'><strong>emplis.</strong></span> <span class='ocrx_word' id='word_1_233' title='bbox 654 3922 770 3990; x_wconf 89' lang='lat' dir='ltr'><strong>Fertur</strong></span> <span class='ocrx_word' id='word_1_234' title='bbox 784 3924 867 3989; x_wconf 89' lang='lat' dir='ltr'><strong>enirn</strong></span> <span class='ocrx_word' id='word_1_235' title='bbox 883 3924 971 4010; x_wconf 91' lang='lat' dir='ltr'><strong>quod</strong></span> <span class='ocrx_word' id='word_1_236' title='bbox 988 3947 1089 4010; x_wconf 89' lang='lat' dir='ltr'><strong>quum</strong></span> <span class='ocrx_word' id='word_1_237' title='bbox 1106 3947 1240 4008; x_wconf 86' lang='lat' dir='ltr'><strong>magnus</strong></span> <span class='ocrx_word' id='word_1_238' title='bbox 1257 3922 1440 3987; x_wconf 83' lang='lat' dir='ltr'><strong>Alexander</strong></span> 
     </span>
     <span class='ocr_line' id='line_1_32' title="bbox 494 4024 1443 4113; baseline 0.001 -26"><span class='ocrx_word' id='word_1_239' title='bbox 494 4024 642 4089; x_wconf 90' lang='lat' dir='ltr'><strong>ultimum</strong></span> <span class='ocrx_word' id='word_1_240' title='bbox 666 4025 758 4090; x_wconf 91' lang='lat' dir='ltr'><strong>littus</strong></span> <span class='ocrx_word' id='word_1_241' title='bbox 786 4027 903 4091; x_wconf 90' lang='lat' dir='ltr'><strong>Oceani</strong></span> <span class='ocrx_word' id='word_1_242' title='bbox 929 4026 1147 4113; x_wconf 89' lang='lat' dir='ltr'><strong>perlustraret,</strong></span> <span class='ocrx_word' id='word_1_243' title='bbox 1172 4025 1443 4089; x_wconf 87' lang='lat' dir='ltr'><strong>Brachmanorum</strong></span> 
     </span>
     <span class='ocr_line' id='line_1_33' title="bbox 493 4124 1445 4214; baseline 0.003 -25"><span class='ocrx_word' id='word_1_244' title='bbox 493 4124 629 4190; x_wconf 86' lang='lat' dir='ltr'><strong>insulam</strong></span> <span class='ocrx_word' id='word_1_245' title='bbox 640 4125 799 4191; x_wconf 89' lang='lat' dir='ltr'><strong>debellare</strong></span> <span class='ocrx_word' id='word_1_246' title='bbox 810 4129 956 4214; x_wconf 88' lang='lat' dir='ltr'><strong>parabat.</strong></span> <span class='ocrx_word' id='word_1_247' title='bbox 995 4129 1045 4195; x_wconf 86' lang='lat' dir='ltr'><strong>Ad</strong></span> <span class='ocrx_word' id='word_1_248' title='bbox 1058 4150 1153 4214; x_wconf 90' lang='lat' dir='ltr'><strong>quem</strong></span> <span class='ocrx_word' id='word_1_249' title='bbox 1165 4125 1211 4190; x_wconf 91' lang='lat' dir='ltr'><strong>illi</strong></span> <span class='ocrx_word' id='word_1_250' title='bbox 1227 4127 1260 4190; x_wconf 89' lang='lat' dir='ltr'><strong>in</strong></span> <span class='ocrx_word' id='word_1_251' title='bbox 1276 4126 1324 4190; x_wconf 93' lang='lat' dir='ltr'><strong>his</strong></span> <span class='ocrx_word' id='word_1_252' title='bbox 1339 4126 1445 4197; x_wconf 89' lang='lat' dir='ltr'><strong>verbis</strong></span> 
     </span>
     <span class='ocr_line' id='line_1_34' title="bbox 493 4226 1446 4313; baseline 0 -22"><span class='ocrx_word' id='word_1_253' title='bbox 493 4226 659 4313; x_wconf 86' lang='lat' dir='ltr'><strong>epistolam</strong></span> <span class='ocrx_word' id='word_1_254' title='bbox 689 4227 861 4293; x_wconf 88' lang='lat' dir='ltr'><strong>miserunt:</strong></span> <span class='ocrx_word' id='word_1_255' title='bbox 901 4228 1103 4306; x_wconf 89' lang='lat' dir='ltr'><strong>Audivimus,</strong></span> <span class='ocrx_word' id='word_1_256' title='bbox 1133 4226 1339 4294; x_wconf 90' lang='lat' dir='ltr'><strong>invictissime</strong></span> <span class='ocrx_word' id='word_1_257' title='bbox 1378 4250 1446 4309; x_wconf 89' lang='lat' dir='ltr'><strong>rex,</strong></span> 
     </span>
     <span class='ocr_line' id='line_1_35' title="bbox 494 4326 1446 4417; baseline 0 -24"><span class='ocrx_word' id='word_1_258' title='bbox 494 4326 603 4416; x_wconf 83' lang='lat' dir='ltr'><strong>praelia</strong></span> <span class='ocrx_word' id='word_1_259' title='bbox 612 4339 679 4408; x_wconf 89' lang='lat' dir='ltr'><strong>tua,</strong></span> <span class='ocrx_word' id='word_1_260' title='bbox 685 4339 717 4393; x_wconf 88' lang='lat' dir='ltr'><strong>et</strong></span> <span class='ocrx_word' id='word_1_261' title='bbox 729 4328 913 4395; x_wconf 80' lang='lat' dir='ltr'><strong>felicitatem</strong></span> <span class='ocrx_word' id='word_1_262' title='bbox 921 4329 1063 4395; x_wconf 87' lang='lat' dir='ltr'><strong>victoriae</strong></span> <span class='ocrx_word' id='word_1_263' title='bbox 1072 4329 1194 4416; x_wconf 89' lang='lat' dir='ltr'><strong>ubique</strong></span> <span class='ocrx_word' id='word_1_264' title='bbox 1206 4329 1446 4417; x_wconf 84' lang='lat' dir='ltr'><strong>subsequutam.</strong></span> 
     </span>
     <span class='ocr_line' id='line_1_36' title="bbox 495 4429 1449 4517; baseline -0.002 -22"><span class='ocrx_word' id='word_1_265' title='bbox 495 4432 557 4495; x_wconf 88' lang='lat' dir='ltr'><strong>Sed</strong></span> <span class='ocrx_word' id='word_1_266' title='bbox 579 4429 659 4515; x_wconf 89' lang='lat' dir='ltr'><strong>quid</strong></span> <span class='ocrx_word' id='word_1_267' title='bbox 674 4430 735 4495; x_wconf 90' lang='lat' dir='ltr'><strong>erit</strong></span> <span class='ocrx_word' id='word_1_268' title='bbox 754 4430 940 4517; x_wconf 91' lang='lat' dir='ltr'><strong>hujusmodi</strong></span> <span class='ocrx_word' id='word_1_269' title='bbox 964 4432 1049 4510; x_wconf 87' lang='lat' dir='ltr'><strong>satis,</strong></span> <span class='ocrx_word' id='word_1_270' title='bbox 1073 4431 1125 4495; x_wconf 92' lang='lat' dir='ltr'><strong>cui</strong></span> <span class='ocrx_word' id='word_1_271' title='bbox 1147 4444 1234 4497; x_wconf 83' lang='lat' dir='ltr'><strong>totus</strong></span> <span class='ocrx_word' id='word_1_272' title='bbox 1254 4454 1316 4497; x_wconf 92' lang='lat' dir='ltr'><strong>non</strong></span> <span class='ocrx_word' id='word_1_273' title='bbox 1334 4429 1449 4499; x_wconf 81' lang='lat' dir='ltr'><strong>sufficit</strong></span> 
     </span>
    </p>
   </div>
   <div class='ocr_carea' id='block_1_5' title="bbox 0 0 1792 5575">
    <p class='ocr_par' dir='ltr' id='par_1_5' title="bbox 0 0 1792 5575">
     <span class='ocr_line' id='line_1_37' title="bbox 0 0 1792 5575; baseline 0 0"><span class='ocrx_word' id='word_1_274' title='bbox 0 0 1792 5575; x_wconf 95' lang='lat' dir='ltr'><strong> </strong></span> 
     </span>
    </p>
   </div>
  </div>
 </body>
</html>
