<?xml version="1.0" encoding="UTF-8"?>
<!DOCTYPE html PUBLIC "-//W3C//DTD XHTML 1.0 Transitional//EN"
    "http://www.w3.org/TR/xhtml1/DTD/xhtml1-transitional.dtd">
<html xmlns="http://www.w3.org/1999/xhtml" xml:lang="en" lang="en">
 <head>
  <title>
</title>
<meta http-equiv="Content-Type" content="text/html;charset=utf-8" />
  <meta name='ocr-system' content='tesseract 3.04.00' />
  <meta name='ocr-capabilities' content='ocr_page ocr_carea ocr_par ocr_line ocrx_word'/>
</head>
<body>
  <div class='ocr_page' id='page_1' title='image "./joannissaresber12johngoog_0221.png"; bbox 0 0 3575 5575; ppageno 0'>
   <div class='ocr_carea' id='block_1_1' title="bbox 331 786 1280 868">
    <p class='ocr_par' dir='ltr' id='par_1_1' title="bbox 331 786 1280 868">
     <span class='ocr_line' id='line_1_1' title="bbox 331 786 1280 868; baseline -0.002 -20"><span class='ocrx_word' id='word_1_1' title='bbox 331 805 403 850; x_wconf 72' lang='lat' dir='ltr'><strong>cnr.</strong></span> <span class='ocrx_word' id='word_1_2' title='bbox 421 788 505 868; x_wconf 86' lang='lat' dir='ltr'><strong>xrv.]</strong></span> <span class='ocrx_word' id='word_1_3' title='bbox 702 803 956 850; x_wconf 78' lang='lat' dir='ltr'><strong>ponrcuamcos.</strong></span> <span class='ocrx_word' id='word_1_4' title='bbox 1220 786 1280 846; x_wconf 79' lang='lat' dir='ltr'><strong>all</strong></span> 
     </span>
    </p>
   </div>
   <div class='ocr_carea' id='block_1_2' title="bbox 327 953 1287 4174">
    <p class='ocr_par' dir='ltr' id='par_1_2' title="bbox 327 953 1287 4174">
     <span class='ocr_line' id='line_1_2' title="bbox 330 953 1277 1041; baseline -0.005 -24"><span class='ocrx_word' id='word_1_5' title='bbox 330 955 539 1032; x_wconf 87' lang='lat' dir='ltr'><strong>coutumacia,</strong></span> <span class='ocrx_word' id='word_1_6' title='bbox 554 954 634 1041; x_wconf 91' lang='lat' dir='ltr'><strong>quid</strong></span> <span class='ocrx_word' id='word_1_7' title='bbox 651 956 721 1034; x_wconf 89' lang='lat' dir='ltr'><strong>tibi,</strong></span> <span class='ocrx_word' id='word_1_8' title='bbox 735 955 852 1041; x_wconf 89' lang='lat' dir='ltr'><strong>inquit,</strong></span> <span class='ocrx_word' id='word_1_9' title='bbox 869 967 905 1018; x_wconf 94' lang='lat' dir='ltr'><strong>ut</strong></span> <span class='ocrx_word' id='word_1_10' title='bbox 922 967 958 1019; x_wconf 91' lang='lat' dir='ltr'><strong>tu</strong></span> <span class='ocrx_word' id='word_1_11' title='bbox 973 954 1081 1018; x_wconf 87' lang='lat' dir='ltr'><strong>orbem</strong></span> <span class='ocrx_word' id='word_1_12' title='bbox 1098 953 1277 1016; x_wconf 84' lang='lat' dir='ltr'><strong>terrarum?</strong></span> 
     </span>
     <span class='ocr_line' id='line_1_3' title="bbox 332 1053 1280 1143; baseline 0 -25"><span class='ocrx_word' id='word_1_13' title='bbox 332 1055 394 1118; x_wconf 90' lang='lat' dir='ltr'><strong>Sed</strong></span> <span class='ocrx_word' id='word_1_14' title='bbox 409 1057 484 1143; x_wconf 89' lang='lat' dir='ltr'><strong>quia</strong></span> <span class='ocrx_word' id='word_1_15' title='bbox 499 1057 531 1122; x_wconf 92' lang='lat' dir='ltr'><strong>id</strong></span> <span class='ocrx_word' id='word_1_16' title='bbox 547 1081 608 1142; x_wconf 89' lang='lat' dir='ltr'><strong>ego</strong></span> <span class='ocrx_word' id='word_1_17' title='bbox 622 1080 686 1123; x_wconf 92' lang='lat' dir='ltr'><strong>uno</strong></span> <span class='ocrx_word' id='word_1_18' title='bbox 701 1058 828 1142; x_wconf 85' lang='lat' dir='ltr'><strong>navigio</strong></span> <span class='ocrx_word' id='word_1_19' title='bbox 850 1057 942 1134; x_wconf 86' lang='lat' dir='ltr'><strong>facio,</strong></span> <span class='ocrx_word' id='word_1_20' title='bbox 958 1055 1041 1120; x_wconf 90' lang='lat' dir='ltr'><strong>latro</strong></span> <span class='ocrx_word' id='word_1_21' title='bbox 1058 1076 1169 1126; x_wconf 81' lang='lat' dir='ltr'><strong>vocor;</strong></span> <span class='ocrx_word' id='word_1_22' title='bbox 1201 1053 1280 1136; x_wconf 82' lang='lat' dir='ltr'><strong>quia</strong></span> 
     </span>
     <span class='ocr_line' id='line_1_4' title="bbox 330 1157 1279 1246; baseline -0.002 -25"><span class='ocrx_word' id='word_1_23' title='bbox 330 1169 365 1222; x_wconf 90' lang='lat' dir='ltr'><strong>tn</strong></span> <span class='ocrx_word' id='word_1_24' title='bbox 380 1179 494 1244; x_wconf 87' lang='lat' dir='ltr'><strong>magna</strong></span> <span class='ocrx_word' id='word_1_25' title='bbox 509 1160 621 1241; x_wconf 86' lang='lat' dir='ltr'><strong>classe,</strong></span> <span class='ocrx_word' id='word_1_26' title='bbox 631 1161 743 1226; x_wconf 88' lang='lat' dir='ltr'><strong>diceris</strong></span> <span class='ocrx_word' id='word_1_27' title='bbox 755 1160 935 1246; x_wconf 86' lang='lat' dir='ltr'><strong>imperator.</strong></span> <span class='ocrx_word' id='word_1_28' title='bbox 968 1159 1001 1223; x_wconf 87' lang='lat' dir='ltr'><strong>Si</strong></span> <span class='ocrx_word' id='word_1_29' title='bbox 1017 1157 1115 1237; x_wconf 88' lang='lat' dir='ltr'><strong>solus,</strong></span> <span class='ocrx_word' id='word_1_30' title='bbox 1124 1168 1156 1221; x_wconf 89' lang='lat' dir='ltr'><strong>et</strong></span> <span class='ocrx_word' id='word_1_31' title='bbox 1168 1164 1279 1240; x_wconf 86' lang='lat' dir='ltr'><strong>captus</strong></span> 
     </span>
     <span class='ocr_line' id='line_1_5' title="bbox 328 1254 1279 1344; baseline -0.004 -22"><span class='ocrx_word' id='word_1_32' title='bbox 328 1258 369 1322; x_wconf 87' lang='lat' dir='ltr'><strong>sit</strong></span> <span class='ocrx_word' id='word_1_33' title='bbox 385 1261 575 1342; x_wconf 84' lang='lat' dir='ltr'><strong>Alexander,</strong></span> <span class='ocrx_word' id='word_1_34' title='bbox 589 1263 672 1328; x_wconf 90' lang='lat' dir='ltr'><strong>latro</strong></span> <span class='ocrx_word' id='word_1_35' title='bbox 687 1263 756 1327; x_wconf 90' lang='lat' dir='ltr'><strong>erit.</strong></span> <span class='ocrx_word' id='word_1_36' title='bbox 788 1261 820 1325; x_wconf 91' lang='lat' dir='ltr'><strong>Si</strong></span> <span class='ocrx_word' id='word_1_37' title='bbox 836 1261 877 1324; x_wconf 86' lang='lat' dir='ltr'><strong>ad</strong></span> <span class='ocrx_word' id='word_1_38' title='bbox 892 1271 1003 1326; x_wconf 88' lang='lat' dir='ltr'><strong>nutum</strong></span> <span class='ocrx_word' id='word_1_39' title='bbox 1020 1256 1152 1322; x_wconf 86' lang='lat' dir='ltr'><strong>Dionidi</strong></span> <span class='ocrx_word' id='word_1_40' title='bbox 1167 1254 1279 1344; x_wconf 90' lang='lat' dir='ltr'><strong>populi</strong></span> 
     </span>
     <span class='ocr_line' id='line_1_6' title="bbox 328 1355 1279 1445; baseline -0.003 -22"><span class='ocrx_word' id='word_1_41' title='bbox 328 1360 535 1438; x_wconf 76' lang='lat' dir='ltr'><strong>famulentur,</strong></span> <span class='ocrx_word' id='word_1_42' title='bbox 557 1362 618 1427; x_wconf 90' lang='lat' dir='ltr'><strong>erit</strong></span> <span class='ocrx_word' id='word_1_43' title='bbox 644 1360 801 1428; x_wconf 89' lang='lat' dir='ltr'><strong>Diouides</strong></span> <span class='ocrx_word' id='word_1_44' title='bbox 827 1362 1016 1445; x_wconf 82' lang='lat' dir='ltr'><strong>Imperator.</strong></span> <span class='ocrx_word' id='word_1_45' title='bbox 1060 1362 1143 1424; x_wconf 90' lang='lat' dir='ltr'><strong>Nam</strong></span> <span class='ocrx_word' id='word_1_46' title='bbox 1172 1355 1279 1444; x_wconf 91' lang='lat' dir='ltr'><strong>quoad</strong></span> 
     </span>
     <span class='ocr_line' id='line_1_7' title="bbox 330 1459 1278 1547; baseline -0.003 -23"><span class='ocrx_word' id='word_1_47' title='bbox 330 1483 456 1526; x_wconf 86' lang='lat' dir='ltr'><strong>causam</strong></span> <span class='ocrx_word' id='word_1_48' title='bbox 472 1485 534 1525; x_wconf 92' lang='lat' dir='ltr'><strong>non</strong></span> <span class='ocrx_word' id='word_1_49' title='bbox 550 1463 713 1538; x_wconf 83' lang='lat' dir='ltr'><strong>differunt,</strong></span> <span class='ocrx_word' id='word_1_50' title='bbox 730 1462 789 1526; x_wconf 88' lang='lat' dir='ltr'><strong>nisi</strong></span> <span class='ocrx_word' id='word_1_51' title='bbox 811 1461 887 1547; x_wconf 92' lang='lat' dir='ltr'><strong>quia</strong></span> <span class='ocrx_word' id='word_1_52' title='bbox 903 1461 1041 1525; x_wconf 84' lang='lat' dir='ltr'><strong>deterior</strong></span> <span class='ocrx_word' id='word_1_53' title='bbox 1061 1472 1108 1525; x_wconf 89' lang='lat' dir='ltr'><strong>est</strong></span> <span class='ocrx_word' id='word_1_54' title='bbox 1124 1459 1180 1545; x_wconf 93' lang='lat' dir='ltr'><strong>qui</strong></span> <span class='ocrx_word' id='word_1_55' title='bbox 1194 1461 1278 1544; x_wconf 86' lang='lat' dir='ltr'><strong>rapit</strong></span> 
     </span>
     <span class='ocr_line' id='line_1_8' title="bbox 328 1559 1279 1648; baseline -0.001 -25"><span class='ocrx_word' id='word_1_56' title='bbox 328 1560 516 1646; x_wconf 80' lang='lat' dir='ltr'><strong>improbius,</strong></span> <span class='ocrx_word' id='word_1_57' title='bbox 533 1564 590 1647; x_wconf 92' lang='lat' dir='ltr'><strong>qni</strong></span> <span class='ocrx_word' id='word_1_58' title='bbox 607 1563 766 1647; x_wconf 85' lang='lat' dir='ltr'><strong>justitiam</strong></span> <span class='ocrx_word' id='word_1_59' title='bbox 783 1563 937 1648; x_wconf 87' lang='lat' dir='ltr'><strong>abjectius</strong></span> <span class='ocrx_word' id='word_1_60' title='bbox 959 1562 1087 1636; x_wconf 88' lang='lat' dir='ltr'><strong>deserit,</strong></span> <span class='ocrx_word' id='word_1_61' title='bbox 1103 1559 1160 1646; x_wconf 91' lang='lat' dir='ltr'><strong>qui</strong></span> <span class='ocrx_word' id='word_1_62' title='bbox 1181 1563 1279 1623; x_wconf 90' lang='lat' dir='ltr'><strong>mani·</strong></span> 
     </span>
     <span class='ocr_line' id='line_1_9' title="bbox 328 1659 1281 1750; baseline -0.003 -25"><span class='ocrx_word' id='word_1_63' title='bbox 328 1660 442 1726; x_wconf 85' lang='lat' dir='ltr'><strong>festius</strong></span> <span class='ocrx_word' id='word_1_64' title='bbox 465 1664 634 1750; x_wconf 89' lang='lat' dir='ltr'><strong>impugnat</strong></span> <span class='ocrx_word' id='word_1_65' title='bbox 658 1664 753 1750; x_wconf 85' lang='lat' dir='ltr'><strong>leges.</strong></span> <span class='ocrx_word' id='word_1_66' title='bbox 801 1667 889 1739; x_wconf 86' lang='lat' dir='ltr'><strong>Quas</strong></span> <span class='ocrx_word' id='word_1_67' title='bbox 915 1663 997 1728; x_wconf 89' lang='lat' dir='ltr'><strong>enim</strong></span> <span class='ocrx_word' id='word_1_68' title='bbox 1028 1687 1087 1747; x_wconf 89' lang='lat' dir='ltr'><strong>ego</strong></span> <span class='ocrx_word' id='word_1_69' title='bbox 1116 1659 1217 1744; x_wconf 85' lang='lat' dir='ltr'><strong>fugio,</strong></span> <span class='ocrx_word' id='word_1_70' title='bbox 1244 1671 1281 1723; x_wconf 91' lang='lat' dir='ltr'><strong>tu</strong></span> 
     </span>
     <span class='ocr_line' id='line_1_10' title="bbox 328 1759 1281 1851; baseline -0.004 -24"><span class='ocrx_word' id='word_1_71' title='bbox 328 1765 539 1851; x_wconf 86' lang='lat' dir='ltr'><strong>persequeris,</strong></span> <span class='ocrx_word' id='word_1_72' title='bbox 568 1789 627 1850; x_wconf 89' lang='lat' dir='ltr'><strong>ego</strong></span> <span class='ocrx_word' id='word_1_73' title='bbox 661 1783 824 1851; x_wconf 86' lang='lat' dir='ltr'><strong>uteunque</strong></span> <span class='ocrx_word' id='word_1_74' title='bbox 858 1789 1000 1846; x_wconf 91' lang='lat' dir='ltr'><strong>veneror,</strong></span> <span class='ocrx_word' id='word_1_75' title='bbox 1029 1778 1064 1829; x_wconf 93' lang='lat' dir='ltr'><strong>tu</strong></span> <span class='ocrx_word' id='word_1_76' title='bbox 1098 1759 1281 1829; x_wconf 87' lang='lat' dir='ltr'><strong>contemnis.</strong></span> 
     </span>
     <span class='ocr_line' id='line_1_11' title="bbox 328 1863 1282 1953; baseline 0 -26"><span class='ocrx_word' id='word_1_77' title='bbox 328 1867 385 1927; x_wconf 89' lang='lat' dir='ltr'><strong>Me</strong></span> <span class='ocrx_word' id='word_1_78' title='bbox 408 1865 547 1930; x_wconf 77' lang='lat' dir='ltr'><strong>fortunae</strong></span> <span class='ocrx_word' id='word_1_79' title='bbox 569 1867 732 1953; x_wconf 86' lang='lat' dir='ltr'><strong>iniquitas,</strong></span> <span class='ocrx_word' id='word_1_80' title='bbox 755 1879 788 1931; x_wconf 93' lang='lat' dir='ltr'><strong>et</strong></span> <span class='ocrx_word' id='word_1_81' title='bbox 813 1867 858 1930; x_wconf 89' lang='lat' dir='ltr'><strong>rei</strong></span> <span class='ocrx_word' id='word_1_82' title='bbox 883 1866 1049 1930; x_wconf 88' lang='lat' dir='ltr'><strong>familiaris</strong></span> <span class='ocrx_word' id='word_1_83' title='bbox 1070 1863 1226 1951; x_wconf 84' lang='lat' dir='ltr'><strong>angustia,</strong></span> <span class='ocrx_word' id='word_1_84' title='bbox 1249 1876 1282 1928; x_wconf 88' lang='lat' dir='ltr'><strong>te</strong></span> 
     </span>
     <span class='ocr_line' id='line_1_12' title="bbox 329 1963 1280 2054; baseline 0.002 -26"><span class='ocrx_word' id='word_1_85' title='bbox 329 1963 431 2031; x_wconf 87' lang='lat' dir='ltr'><strong>fastus</strong></span> <span class='ocrx_word' id='word_1_86' title='bbox 443 1967 659 2046; x_wconf 89' lang='lat' dir='ltr'><strong>intolerabilis,</strong></span> <span class='ocrx_word' id='word_1_87' title='bbox 671 1981 702 2033; x_wconf 89' lang='lat' dir='ltr'><strong>et</strong></span> <span class='ocrx_word' id='word_1_88' title='bbox 713 1968 916 2054; x_wconf 85' lang='lat' dir='ltr'><strong>inexplebilis</strong></span> <span class='ocrx_word' id='word_1_89' title='bbox 927 1967 1070 2048; x_wconf 87' lang='lat' dir='ltr'><strong>avaritia,</strong></span> <span class='ocrx_word' id='word_1_90' title='bbox 1080 1967 1183 2031; x_wconf 84' lang='lat' dir='ltr'><strong>furem</strong></span> <span class='ocrx_word' id='word_1_91' title='bbox 1193 1965 1280 2030; x_wconf 85' lang='lat' dir='ltr'><strong>facit.</strong></span> 
     </span>
     <span class='ocr_line' id='line_1_13' title="bbox 330 2067 1280 2147; baseline -0.004 -13"><span class='ocrx_word' id='word_1_92' title='bbox 330 2069 364 2134; x_wconf 85' lang='lat' dir='ltr'><strong>si</strong></span> <span class='ocrx_word' id='word_1_93' title='bbox 385 2068 515 2133; x_wconf 86' lang='lat' dir='ltr'><strong>fortuna</strong></span> <span class='ocrx_word' id='word_1_94' title='bbox 536 2082 778 2147; x_wconf 85' lang='lat' dir='ltr'><strong>mansuesceret,</strong></span> <span class='ocrx_word' id='word_1_95' title='bbox 794 2071 902 2134; x_wconf 90' lang='lat' dir='ltr'><strong>fierem</strong></span> <span class='ocrx_word' id='word_1_96' title='bbox 925 2069 1007 2132; x_wconf 88' lang='lat' dir='ltr'><strong>forte</strong></span> <span class='ocrx_word' id='word_1_97' title='bbox 1021 2067 1140 2132; x_wconf 90' lang='lat' dir='ltr'><strong>melior.</strong></span> <span class='ocrx_word' id='word_1_98' title='bbox 1185 2071 1228 2131; x_wconf 85' lang='lat' dir='ltr'><strong>At</strong></span> <span class='ocrx_word' id='word_1_99' title='bbox 1244 2077 1280 2131; x_wconf 89' lang='lat' dir='ltr'><strong>tu</strong></span> 
     </span>
     <span class='ocr_line' id='line_1_14' title="bbox 329 2167 1282 2256; baseline 0 -24"><span class='ocrx_word' id='word_1_100' title='bbox 329 2191 396 2254; x_wconf 92' lang='lat' dir='ltr'><strong>quo</strong></span> <span class='ocrx_word' id='word_1_101' title='bbox 411 2169 615 2247; x_wconf 81' lang='lat' dir='ltr'><strong>fortunatior,</strong></span> <span class='ocrx_word' id='word_1_102' title='bbox 631 2193 668 2232; x_wconf 90' lang='lat' dir='ltr'><strong>eo</strong></span> <span class='ocrx_word' id='word_1_103' title='bbox 684 2170 818 2256; x_wconf 90' lang='lat' dir='ltr'><strong>nequior</strong></span> <span class='ocrx_word' id='word_1_104' title='bbox 832 2170 904 2234; x_wconf 89' lang='lat' dir='ltr'><strong>eris.</strong></span> <span class='ocrx_word' id='word_1_105' title='bbox 943 2170 1083 2233; x_wconf 86' lang='lat' dir='ltr'><strong>Miratus</strong></span> <span class='ocrx_word' id='word_1_106' title='bbox 1098 2167 1282 2232; x_wconf 81' lang='lat' dir='ltr'><strong>Alexander</strong></span> 
     </span>
     <span class='ocr_line' id='line_1_15' title="bbox 328 2271 1282 2357; baseline -0.001 -22"><span class='ocrx_word' id='word_1_107' title='bbox 328 2271 538 2336; x_wconf 85' lang='lat' dir='ltr'><strong>constantiam</strong></span> <span class='ocrx_word' id='word_1_108' title='bbox 551 2272 687 2338; x_wconf 88' lang='lat' dir='ltr'><strong>hominis</strong></span> <span class='ocrx_word' id='word_1_109' title='bbox 699 2295 771 2338; x_wconf 91' lang='lat' dir='ltr'><strong>eum</strong></span> <span class='ocrx_word' id='word_1_110' title='bbox 784 2273 897 2338; x_wconf 91' lang='lat' dir='ltr'><strong>merito</strong></span> <span class='ocrx_word' id='word_1_111' title='bbox 909 2275 1087 2357; x_wconf 86' lang='lat' dir='ltr'><strong>arguentis:</strong></span> <span class='ocrx_word' id='word_1_112' title='bbox 1112 2271 1282 2357; x_wconf 85' lang='lat' dir='ltr'><strong>Experiar,</strong></span> 
     </span>
     <span class='ocr_line' id='line_1_16' title="bbox 328 2372 1282 2459; baseline 0.002 -24"><span class='ocrx_word' id='word_1_113' title='bbox 328 2372 445 2458; x_wconf 90' lang='lat' dir='ltr'><strong>inquit,</strong></span> <span class='ocrx_word' id='word_1_114' title='bbox 461 2396 500 2437; x_wconf 88' lang='lat' dir='ltr'><strong>an</strong></span> <span class='ocrx_word' id='word_1_115' title='bbox 517 2375 648 2440; x_wconf 86' lang='lat' dir='ltr'><strong>futurus</strong></span> <span class='ocrx_word' id='word_1_116' title='bbox 659 2375 701 2440; x_wconf 87' lang='lat' dir='ltr'><strong>sis</strong></span> <span class='ocrx_word' id='word_1_117' title='bbox 715 2372 837 2451; x_wconf 86' lang='lat' dir='ltr'><strong>melior,</strong></span> <span class='ocrx_word' id='word_1_118' title='bbox 848 2375 1077 2459; x_wconf 84' lang='lat' dir='ltr'><strong>fortunamque</strong></span> <span class='ocrx_word' id='word_1_119' title='bbox 1092 2373 1234 2448; x_wconf 90' lang='lat' dir='ltr'><strong>mutabo,</strong></span> <span class='ocrx_word' id='word_1_120' title='bbox 1246 2384 1282 2437; x_wconf 91' lang='lat' dir='ltr'><strong>ut</strong></span> 
     </span>
     <span class='ocr_line' id='line_1_17' title="bbox 327 2475 1282 2563; baseline -0.003 -24"><span class='ocrx_word' id='word_1_121' title='bbox 327 2497 391 2539; x_wconf 92' lang='lat' dir='ltr'><strong>non</strong></span> <span class='ocrx_word' id='word_1_122' title='bbox 421 2477 450 2540; x_wconf 92' lang='lat' dir='ltr'><strong>ei</strong></span> <span class='ocrx_word' id='word_1_123' title='bbox 477 2499 496 2540; x_wconf 87' lang='lat' dir='ltr'><strong>a</strong></span> <span class='ocrx_word' id='word_1_124' title='bbox 521 2477 617 2541; x_wconf 91' lang='lat' dir='ltr'><strong>modo</strong></span> <span class='ocrx_word' id='word_1_125' title='bbox 642 2477 731 2563; x_wconf 94' lang='lat' dir='ltr'><strong>quod</strong></span> <span class='ocrx_word' id='word_1_126' title='bbox 757 2477 940 2563; x_wconf 88' lang='lat' dir='ltr'><strong>deliqueris,</strong></span> <span class='ocrx_word' id='word_1_127' title='bbox 967 2476 1023 2540; x_wconf 87' lang='lat' dir='ltr'><strong>sed</strong></span> <span class='ocrx_word' id='word_1_128' title='bbox 1049 2475 1114 2540; x_wconf 88' lang='lat' dir='ltr'><strong>tuis</strong></span> <span class='ocrx_word' id='word_1_129' title='bbox 1139 2475 1282 2541; x_wconf 90' lang='lat' dir='ltr'><strong>moribus</strong></span> 
     </span>
     <span class='ocr_line' id='line_1_18' title="bbox 329 2575 1284 2664; baseline 0.001 -25"><span class='ocrx_word' id='word_1_130' title='bbox 329 2576 539 2659; x_wconf 80' lang='lat' dir='ltr'><strong>adscribatur.</strong></span> <span class='ocrx_word' id='word_1_131' title='bbox 577 2579 665 2641; x_wconf 91' lang='lat' dir='ltr'><strong>Eum</strong></span> <span class='ocrx_word' id='word_1_132' title='bbox 688 2579 797 2663; x_wconf 90' lang='lat' dir='ltr'><strong>itaque</strong></span> <span class='ocrx_word' id='word_1_133' title='bbox 807 2579 904 2664; x_wconf 85' lang='lat' dir='ltr'><strong>jussit</strong></span> <span class='ocrx_word' id='word_1_134' title='bbox 927 2577 1082 2641; x_wconf 87' lang='lat' dir='ltr'><strong>conscribi</strong></span> <span class='ocrx_word' id='word_1_135' title='bbox 1097 2575 1231 2654; x_wconf 86' lang='lat' dir='ltr'><strong>militiae,</strong></span> <span class='ocrx_word' id='word_1_136' title='bbox 1247 2589 1284 2640; x_wconf 93' lang='lat' dir='ltr'><strong>ut</strong></span> 
     </span>
     <span class='ocr_line' id='line_1_19' title="bbox 329 2675 1284 2762; baseline -0.002 -22"><span class='ocrx_word' id='word_1_137' title='bbox 329 2689 436 2761; x_wconf 89' lang='lat' dir='ltr'><strong>posset</strong></span> <span class='ocrx_word' id='word_1_138' title='bbox 451 2677 566 2741; x_wconf 87' lang='lat' dir='ltr'><strong>exinde</strong></span> <span class='ocrx_word' id='word_1_139' title='bbox 590 2677 684 2742; x_wconf 88' lang='lat' dir='ltr'><strong>salvis</strong></span> <span class='ocrx_word' id='word_1_140' title='bbox 699 2678 825 2762; x_wconf 91' lang='lat' dir='ltr'><strong>legibus</strong></span> <span class='ocrx_word' id='word_1_141' title='bbox 846 2677 991 2742; x_wconf 88' lang='lat' dir='ltr'><strong>militare.</strong></span> <span class='ocrx_word' id='word_1_142' title='bbox 1037 2676 1099 2740; x_wconf 88' lang='lat' dir='ltr'><strong>Sed</strong></span> <span class='ocrx_word' id='word_1_143' title='bbox 1117 2697 1191 2739; x_wconf 87' lang='lat' dir='ltr'><strong>nea</strong></span> <span class='ocrx_word' id='word_1_144' title='bbox 1210 2675 1284 2738; x_wconf 83' lang='lat' dir='ltr'><strong>solis</strong></span> 
     </span>
     <span class='ocr_line' id='line_1_20' title="bbox 333 2773 1285 2862; baseline -0.001 -22"><span class='ocrx_word' id='word_1_145' title='bbox 333 2775 455 2841; x_wconf 83' lang='lat' dir='ltr'><strong>Graecis</strong></span> <span class='ocrx_word' id='word_1_146' title='bbox 466 2790 653 2842; x_wconf 90' lang='lat' dir='ltr'><strong>mutuemur</strong></span> <span class='ocrx_word' id='word_1_147' title='bbox 664 2778 874 2843; x_wconf 87' lang='lat' dir='ltr'><strong>instrumenta</strong></span> <span class='ocrx_word' id='word_1_148' title='bbox 885 2779 1050 2841; x_wconf 72' lang='lat' dir='ltr'><strong>sinotum.</strong></span> <span class='ocrx_word' id='word_1_149' title='bbox 1075 2773 1180 2862; x_wconf 90' lang='lat' dir='ltr'><strong>Scipio</strong></span> <span class='ocrx_word' id='word_1_150' title='bbox 1196 2774 1285 2839; x_wconf 87' lang='lat' dir='ltr'><strong>Afri·</strong></span> 
     </span>
     <span class='ocr_line' id='line_1_21' title="bbox 330 2877 1283 2967; baseline -0.001 -25"><span class='ocrx_word' id='word_1_151' title='bbox 330 2900 439 2960; x_wconf 85' lang='lat' dir='ltr'><strong>canus,</strong></span> <span class='ocrx_word' id='word_1_152' title='bbox 451 2900 551 2966; x_wconf 88' lang='lat' dir='ltr'><strong>quum</strong></span> <span class='ocrx_word' id='word_1_153' title='bbox 567 2901 767 2966; x_wconf 84' lang='lat' dir='ltr'><strong>comparum</strong></span> <span class='ocrx_word' id='word_1_154' title='bbox 784 2901 960 2967; x_wconf 88' lang='lat' dir='ltr'><strong>pugnacem</strong></span> <span class='ocrx_word' id='word_1_155' title='bbox 976 2877 1107 2965; x_wconf 89' lang='lat' dir='ltr'><strong>quidam</strong></span> <span class='ocrx_word' id='word_1_156' title='bbox 1122 2889 1283 2961; x_wconf 85' lang='lat' dir='ltr'><strong>argueret:</strong></span> 
     </span>
     <span class='ocr_line' id='line_1_22' title="bbox 332 2978 1285 3067; baseline 0 -24"><span class='ocrx_word' id='word_1_157' title='bbox 332 2978 573 3066; x_wconf 89' lang='lat' dir='ltr'><strong>Imperatorem,</strong></span> <span class='ocrx_word' id='word_1_158' title='bbox 597 2979 715 3067; x_wconf 92' lang='lat' dir='ltr'><strong>inquit,</strong></span> <span class='ocrx_word' id='word_1_159' title='bbox 738 3004 789 3046; x_wconf 86' lang='lat' dir='ltr'><strong>me</strong></span> <span class='ocrx_word' id='word_1_160' title='bbox 812 2994 915 3046; x_wconf 89' lang='lat' dir='ltr'><strong>mater</strong></span> <span class='ocrx_word' id='word_1_161' title='bbox 940 2980 1074 3066; x_wconf 88' lang='lat' dir='ltr'><strong>peperit,</strong></span> <span class='ocrx_word' id='word_1_162' title='bbox 1099 3003 1162 3045; x_wconf 89' lang='lat' dir='ltr'><strong>non</strong></span> <span class='ocrx_word' id='word_1_163' title='bbox 1189 2980 1285 3044; x_wconf 86' lang='lat' dir='ltr'><strong>bella-</strong></span> 
     </span>
     <span class='ocr_line' id='line_1_23' title="bbox 332 3080 1285 3168; baseline 0 -24"><span class='ocrx_word' id='word_1_164' title='bbox 332 3094 444 3146; x_wconf 91' lang='lat' dir='ltr'><strong>torem.</strong></span> <span class='ocrx_word' id='word_1_165' title='bbox 483 3082 610 3146; x_wconf 86' lang='lat' dir='ltr'><strong>Marius</strong></span> <span class='ocrx_word' id='word_1_166' title='bbox 625 3104 754 3168; x_wconf 90' lang='lat' dir='ltr'><strong>quoque</strong></span> <span class='ocrx_word' id='word_1_167' title='bbox 767 3104 866 3167; x_wconf 91' lang='lat' dir='ltr'><strong>quum</strong></span> <span class='ocrx_word' id='word_1_168' title='bbox 883 3102 955 3144; x_wconf 89' lang='lat' dir='ltr'><strong>eum</strong></span> <span class='ocrx_word' id='word_1_169' title='bbox 972 3083 1139 3146; x_wconf 87' lang='lat' dir='ltr'><strong>Teutonus</strong></span> <span class='ocrx_word' id='word_1_170' title='bbox 1154 3080 1285 3168; x_wconf 86' lang='lat' dir='ltr'><strong>quidam</strong></span> 
     </span>
     <span class='ocr_line' id='line_1_24' title="bbox 331 3179 1286 3268; baseline 0.001 -22"><span class='ocrx_word' id='word_1_171' title='bbox 331 3180 371 3246; x_wconf 86' lang='lat' dir='ltr'><strong>ad</strong></span> <span class='ocrx_word' id='word_1_172' title='bbox 387 3201 507 3266; x_wconf 85' lang='lat' dir='ltr'><strong>pugnae</strong></span> <span class='ocrx_word' id='word_1_173' title='bbox 522 3194 680 3246; x_wconf 87' lang='lat' dir='ltr'><strong>certamen</strong></span> <span class='ocrx_word' id='word_1_174' title='bbox 700 3192 899 3265; x_wconf 88' lang='lat' dir='ltr'><strong>provocaret,</strong></span> <span class='ocrx_word' id='word_1_175' title='bbox 915 3179 1089 3265; x_wconf 90' lang='lat' dir='ltr'><strong>respondit,</strong></span> <span class='ocrx_word' id='word_1_176' title='bbox 1105 3181 1132 3246; x_wconf 89' lang='lat' dir='ltr'><strong>si</strong></span> <span class='ocrx_word' id='word_1_177' title='bbox 1147 3180 1286 3268; x_wconf 88' lang='lat' dir='ltr'><strong>cupidus</strong></span> 
     </span>
     <span class='ocr_line' id='line_1_25' title="bbox 331 3280 1283 3371; baseline 0 -24"><span class='ocrx_word' id='word_1_178' title='bbox 331 3283 443 3347; x_wconf 91' lang='lat' dir='ltr'><strong>mortis</strong></span> <span class='ocrx_word' id='word_1_179' title='bbox 458 3296 551 3363; x_wconf 89' lang='lat' dir='ltr'><strong>esset,</strong></span> <span class='ocrx_word' id='word_1_180' title='bbox 560 3308 592 3349; x_wconf 90' lang='lat' dir='ltr'><strong>se</strong></span> <span class='ocrx_word' id='word_1_181' title='bbox 606 3284 701 3349; x_wconf 87' lang='lat' dir='ltr'><strong>vitam</strong></span> <span class='ocrx_word' id='word_1_182' title='bbox 712 3282 827 3369; x_wconf 88' lang='lat' dir='ltr'><strong>laqueo</strong></span> <span class='ocrx_word' id='word_1_183' title='bbox 837 3305 930 3371; x_wconf 90' lang='lat' dir='ltr'><strong>posse</strong></span> <span class='ocrx_word' id='word_1_184' title='bbox 941 3280 1057 3361; x_wconf 88' lang='lat' dir='ltr'><strong>finisse,</strong></span> <span class='ocrx_word' id='word_1_185' title='bbox 1067 3295 1100 3348; x_wconf 92' lang='lat' dir='ltr'><strong>et</strong></span> <span class='ocrx_word' id='word_1_186' title='bbox 1110 3285 1283 3370; x_wconf 88' lang='lat' dir='ltr'><strong>sapientem</strong></span> 
     </span>
     <span class='ocr_line' id='line_1_26' title="bbox 330 3383 1286 3472; baseline 0.003 -27"><span class='ocrx_word' id='word_1_187' title='bbox 330 3405 393 3446; x_wconf 91' lang='lat' dir='ltr'><strong>nou</strong></span> <span class='ocrx_word' id='word_1_188' title='bbox 414 3397 479 3448; x_wconf 92' lang='lat' dir='ltr'><strong>tam</strong></span> <span class='ocrx_word' id='word_1_189' title='bbox 494 3407 636 3472; x_wconf 88' lang='lat' dir='ltr'><strong>pugnam</strong></span> <span class='ocrx_word' id='word_1_190' title='bbox 657 3407 755 3472; x_wconf 89' lang='lat' dir='ltr'><strong>quam</strong></span> <span class='ocrx_word' id='word_1_191' title='bbox 772 3384 934 3450; x_wconf 89' lang='lat' dir='ltr'><strong>victoriam</strong></span> <span class='ocrx_word' id='word_1_192' title='bbox 958 3405 1112 3470; x_wconf 86' lang='lat' dir='ltr'><strong>quaerere.</strong></span> <span class='ocrx_word' id='word_1_193' title='bbox 1157 3383 1286 3449; x_wconf 86' lang='lat' dir='ltr'><strong>Primus</strong></span> 
     </span>
     <span class='ocr_line' id='line_1_27' title="bbox 332 3483 1286 3573; baseline 0.007 -28"><span class='ocrx_word' id='word_1_194' title='bbox 332 3483 553 3548; x_wconf 90' lang='lat' dir='ltr'><strong>Romanorum</strong></span> <span class='ocrx_word' id='word_1_195' title='bbox 578 3488 757 3573; x_wconf 88' lang='lat' dir='ltr'><strong>Imperator</strong></span> <span class='ocrx_word' id='word_1_196' title='bbox 778 3488 889 3553; x_wconf 88' lang='lat' dir='ltr'><strong>Julius</strong></span> <span class='ocrx_word' id='word_1_197' title='bbox 912 3488 1020 3552; x_wconf 85' lang='lat' dir='ltr'><strong>Caesar</strong></span> <span class='ocrx_word' id='word_1_198' title='bbox 1041 3508 1138 3573; x_wconf 90' lang='lat' dir='ltr'><strong>quam</strong></span> <span class='ocrx_word' id='word_1_199' title='bbox 1162 3490 1286 3571; x_wconf 86' lang='lat' dir='ltr'><strong>patien-</strong></span> 
     </span>
     <span class='ocr_line' id='line_1_28' title="bbox 330 3583 1286 3673; baseline 0.002 -25"><span class='ocrx_word' id='word_1_200' title='bbox 330 3583 451 3649; x_wconf 89' lang='lat' dir='ltr'><strong>tissime</strong></span> <span class='ocrx_word' id='word_1_201' title='bbox 460 3585 562 3648; x_wconf 88' lang='lat' dir='ltr'><strong>multa</strong></span> <span class='ocrx_word' id='word_1_202' title='bbox 574 3587 735 3651; x_wconf 87' lang='lat' dir='ltr'><strong>sustinuit.</strong></span> <span class='ocrx_word' id='word_1_203' title='bbox 767 3589 874 3664; x_wconf 86' lang='lat' dir='ltr'><strong>Quum</strong></span> <span class='ocrx_word' id='word_1_204' title='bbox 886 3586 969 3650; x_wconf 91' lang='lat' dir='ltr'><strong>enim</strong></span> <span class='ocrx_word' id='word_1_205' title='bbox 980 3588 1140 3652; x_wconf 85' lang='lat' dir='ltr'><strong>calvitium</strong></span> <span class='ocrx_word' id='word_1_206' title='bbox 1153 3588 1286 3673; x_wconf 88' lang='lat' dir='ltr'><strong>iniquis·</strong></span> 
     </span>
     <span class='ocr_line' id='line_1_29' title="bbox 333 3684 1287 3771; baseline -0.001 -22"><span class='ocrx_word' id='word_1_207' title='bbox 333 3684 411 3749; x_wconf 88' lang='lat' dir='ltr'><strong>sime</strong></span> <span class='ocrx_word' id='word_1_208' title='bbox 426 3684 534 3763; x_wconf 86' lang='lat' dir='ltr'><strong>ferret,</strong></span> <span class='ocrx_word' id='word_1_209' title='bbox 549 3696 581 3747; x_wconf 92' lang='lat' dir='ltr'><strong>et</strong></span> <span class='ocrx_word' id='word_1_210' title='bbox 602 3684 800 3750; x_wconf 87' lang='lat' dir='ltr'><strong>deficientem</strong></span> <span class='ocrx_word' id='word_1_211' title='bbox 815 3685 965 3771; x_wconf 87' lang='lat' dir='ltr'><strong>capillum</strong></span> <span class='ocrx_word' id='word_1_212' title='bbox 988 3709 1007 3750; x_wconf 90' lang='lat' dir='ltr'><strong>a</strong></span> <span class='ocrx_word' id='word_1_213' title='bbox 1029 3686 1149 3749; x_wconf 88' lang='lat' dir='ltr'><strong>cervice</strong></span> <span class='ocrx_word' id='word_1_214' title='bbox 1171 3708 1287 3749; x_wconf 85' lang='lat' dir='ltr'><strong>conso·</strong></span> 
     </span>
     <span class='ocr_line' id='line_1_30' title="bbox 332 3785 1287 3865; baseline 0 -16"><span class='ocrx_word' id='word_1_215' title='bbox 332 3798 417 3850; x_wconf 88' lang='lat' dir='ltr'><strong>earet</strong></span> <span class='ocrx_word' id='word_1_216' title='bbox 432 3785 474 3849; x_wconf 87' lang='lat' dir='ltr'><strong>ad</strong></span> <span class='ocrx_word' id='word_1_217' title='bbox 489 3785 639 3865; x_wconf 87' lang='lat' dir='ltr'><strong>frontem,</strong></span> <span class='ocrx_word' id='word_1_218' title='bbox 653 3785 694 3850; x_wconf 92' lang='lat' dir='ltr'><strong>ab</strong></span> <span class='ocrx_word' id='word_1_219' title='bbox 709 3786 792 3849; x_wconf 87' lang='lat' dir='ltr'><strong>irato</strong></span> <span class='ocrx_word' id='word_1_220' title='bbox 806 3786 908 3849; x_wconf 86' lang='lat' dir='ltr'><strong>milite</strong></span> <span class='ocrx_word' id='word_1_221' title='bbox 922 3785 951 3848; x_wconf 90' lang='lat' dir='ltr'><strong>ei</strong></span> <span class='ocrx_word' id='word_1_222' title='bbox 967 3785 1089 3850; x_wconf 91' lang='lat' dir='ltr'><strong>dictum</strong></span> <span class='ocrx_word' id='word_1_223' title='bbox 1104 3798 1170 3850; x_wconf 89' lang='lat' dir='ltr'><strong>est:</strong></span> <span class='ocrx_word' id='word_1_224' title='bbox 1195 3785 1287 3849; x_wconf 87' lang='lat' dir='ltr'><strong>Faci-</strong></span> 
     </span>
     <span class='ocr_line' id='line_1_31' title="bbox 332 3885 1287 3970; baseline 0.001 -20"><span class='ocrx_word' id='word_1_225' title='bbox 332 3886 395 3951; x_wconf 88' lang='lat' dir='ltr'><strong>lius</strong></span> <span class='ocrx_word' id='word_1_226' title='bbox 409 3896 457 3952; x_wconf 90' lang='lat' dir='ltr'><strong>est</strong></span> <span class='ocrx_word' id='word_1_227' title='bbox 469 3888 577 3953; x_wconf 85' lang='lat' dir='ltr'><strong>Caesar</strong></span> <span class='ocrx_word' id='word_1_228' title='bbox 589 3898 620 3949; x_wconf 91' lang='lat' dir='ltr'><strong>te</strong></span> <span class='ocrx_word' id='word_1_229' title='bbox 629 3885 755 3949; x_wconf 85' lang='lat' dir='ltr'><strong>calvum</strong></span> <span class='ocrx_word' id='word_1_230' title='bbox 767 3907 828 3948; x_wconf 87' lang='lat' dir='ltr'><strong>non</strong></span> <span class='ocrx_word' id='word_1_231' title='bbox 841 3907 919 3961; x_wconf 87' lang='lat' dir='ltr'><strong>esse,</strong></span> <span class='ocrx_word' id='word_1_232' title='bbox 931 3905 1027 3970; x_wconf 89' lang='lat' dir='ltr'><strong>quam</strong></span> <span class='ocrx_word' id='word_1_233' title='bbox 1040 3906 1089 3949; x_wconf 91' lang='lat' dir='ltr'><strong>me</strong></span> <span class='ocrx_word' id='word_1_234' title='bbox 1101 3885 1133 3948; x_wconf 91' lang='lat' dir='ltr'><strong>in</strong></span> <span class='ocrx_word' id='word_1_235' title='bbox 1142 3886 1287 3951; x_wconf 85' lang='lat' dir='ltr'><strong>exercitu</strong></span> 
     </span>
     <span class='ocr_line' id='line_1_32' title="bbox 333 3987 1286 4075; baseline 0.003 -22"><span class='ocrx_word' id='word_1_236' title='bbox 333 3991 479 4053; x_wconf 88' lang='lat' dir='ltr'><strong>Romano</strong></span> <span class='ocrx_word' id='word_1_237' title='bbox 494 3989 666 4075; x_wconf 89' lang='lat' dir='ltr'><strong>quicquam</strong></span> <span class='ocrx_word' id='word_1_238' title='bbox 683 3987 794 4074; x_wconf 82' lang='lat' dir='ltr'><strong>egisse,</strong></span> <span class='ocrx_word' id='word_1_239' title='bbox 811 3987 860 4052; x_wconf 89' lang='lat' dir='ltr'><strong>vel</strong></span> <span class='ocrx_word' id='word_1_240' title='bbox 885 3998 1032 4051; x_wconf 87' lang='lat' dir='ltr'><strong>acturum</strong></span> <span class='ocrx_word' id='word_1_241' title='bbox 1048 4010 1114 4051; x_wconf 85' lang='lat' dir='ltr'><strong>esse</strong></span> <span class='ocrx_word' id='word_1_242' title='bbox 1135 3987 1286 4057; x_wconf 86' lang='lat' dir='ltr'><strong>timidius.</strong></span> 
     </span>
     <span class='ocr_line' id='line_1_33' title="bbox 334 4087 1287 4174; baseline 0.003 -22"><span class='ocrx_word' id='word_1_243' title='bbox 334 4089 425 4152; x_wconf 91' lang='lat' dir='ltr'><strong>Idem</strong></span> <span class='ocrx_word' id='word_1_244' title='bbox 437 4089 502 4154; x_wconf 88' lang='lat' dir='ltr'><strong>lato</strong></span> <span class='ocrx_word' id='word_1_245' title='bbox 511 4089 603 4155; x_wconf 89' lang='lat' dir='ltr'><strong>clavo</strong></span> <span class='ocrx_word' id='word_1_246' title='bbox 612 4111 715 4174; x_wconf 88' lang='lat' dir='ltr'><strong>usque</strong></span> <span class='ocrx_word' id='word_1_247' title='bbox 725 4087 768 4153; x_wconf 89' lang='lat' dir='ltr'><strong>ad</strong></span> <span class='ocrx_word' id='word_1_248' title='bbox 778 4111 890 4153; x_wconf 88' lang='lat' dir='ltr'><strong>manus</strong></span> <span class='ocrx_word' id='word_1_249' title='bbox 900 4088 1060 4153; x_wconf 83' lang='lat' dir='ltr'><strong>fimbriato</strong></span> <span class='ocrx_word' id='word_1_250' title='bbox 1072 4099 1173 4165; x_wconf 88' lang='lat' dir='ltr'><strong>utens,</strong></span> <span class='ocrx_word' id='word_1_251' title='bbox 1183 4089 1287 4155; x_wconf 77' lang='lat' dir='ltr'><strong>laxius</strong></span> 
     </span>
    </p>
   </div>
   <div class='ocr_carea' id='block_1_3' title="bbox 334 4188 1289 4376">
    <p class='ocr_par' dir='ltr' id='par_1_3' title="bbox 334 4188 1289 4376">
     <span class='ocr_line' id='line_1_34' title="bbox 334 4188 1286 4277; baseline 0.003 -26"><span class='ocrx_word' id='word_1_252' title='bbox 334 4188 532 4274; x_wconf 87' lang='lat' dir='ltr'><strong>cingebatur.</strong></span> <span class='ocrx_word' id='word_1_253' title='bbox 566 4189 661 4255; x_wconf 91' lang='lat' dir='ltr'><strong>Unde</strong></span> <span class='ocrx_word' id='word_1_254' title='bbox 676 4189 777 4275; x_wconf 84' lang='lat' dir='ltr'><strong>Sylla,</strong></span> <span class='ocrx_word' id='word_1_255' title='bbox 789 4189 959 4275; x_wconf 88' lang='lat' dir='ltr'><strong>optimates</strong></span> <span class='ocrx_word' id='word_1_256' title='bbox 974 4190 1090 4277; x_wconf 82' lang='lat' dir='ltr'><strong>saepius</strong></span> <span class='ocrx_word' id='word_1_257' title='bbox 1105 4190 1286 4271; x_wconf 82' lang='lat' dir='ltr'><strong>admonens,</strong></span> 
     </span>
     <span class='ocr_line' id='line_1_35' title="bbox 336 4290 1289 4376; baseline 0.002 -23"><span class='ocrx_word' id='word_1_258' title='bbox 336 4290 473 4372; x_wconf 89' lang='lat' dir='ltr'><strong>dicebat,</strong></span> <span class='ocrx_word' id='word_1_259' title='bbox 490 4302 525 4354; x_wconf 92' lang='lat' dir='ltr'><strong>ut</strong></span> <span class='ocrx_word' id='word_1_260' title='bbox 540 4312 674 4376; x_wconf 90' lang='lat' dir='ltr'><strong>puerum</strong></span> <span class='ocrx_word' id='word_1_261' title='bbox 691 4293 773 4356; x_wconf 87' lang='lat' dir='ltr'><strong>male</strong></span> <span class='ocrx_word' id='word_1_262' title='bbox 787 4290 994 4376; x_wconf 63' lang='lat' dir='ltr'><strong>praecinctum</strong></span> <span class='ocrx_word' id='word_1_263' title='bbox 1010 4304 1166 4357; x_wconf 89' lang='lat' dir='ltr'><strong>caverent.</strong></span> <span class='ocrx_word' id='word_1_264' title='bbox 1202 4292 1289 4355; x_wconf 84' lang='lat' dir='ltr'><strong>Proe-</strong></span> 
     </span>
    </p>
   </div>
   <div class='ocr_carea' id='block_1_4' title="bbox 337 4391 1288 4557">
    <p class='ocr_par' dir='ltr' id='par_1_4' title="bbox 337 4391 1288 4557">
     <span class='ocr_line' id='line_1_36' title="bbox 337 4391 1288 4480; baseline 0.001 -23"><span class='ocrx_word' id='word_1_265' title='bbox 337 4406 424 4458; x_wconf 88' lang='lat' dir='ltr'><strong>terea</strong></span> <span class='ocrx_word' id='word_1_266' title='bbox 439 4392 683 4477; x_wconf 85' lang='lat' dir='ltr'><strong>margaritarum</strong></span> <span class='ocrx_word' id='word_1_267' title='bbox 705 4391 927 4479; x_wconf 83' lang='lat' dir='ltr'><strong>cupidissimus</strong></span> <span class='ocrx_word' id='word_1_268' title='bbox 949 4404 1027 4472; x_wconf 88' lang='lat' dir='ltr'><strong>erat,</strong></span> <span class='ocrx_word' id='word_1_269' title='bbox 1047 4415 1139 4479; x_wconf 85' lang='lat' dir='ltr'><strong>quaa,</strong></span> <span class='ocrx_word' id='word_1_270' title='bbox 1162 4394 1288 4480; x_wconf 88' lang='lat' dir='ltr'><strong>pondus</strong></span> 
     </span>
     <span class='ocr_line' id='line_1_37' title="bbox 789 4501 843 4557; baseline 0 0"><span class='ocrx_word' id='word_1_271' title='bbox 789 4513 809 4557; x_wconf 82' lang='lat' dir='ltr'><strong>r</strong></span> <span class='ocrx_word' id='word_1_272' title='bbox 823 4501 843 4557; x_wconf 78' lang='lat'><strong>2</strong></span> 
     </span>
    </p>
   </div>
   <div class='ocr_carea' id='block_1_5' title="bbox 0 0 1802 5575">
    <p class='ocr_par' dir='ltr' id='par_1_5' title="bbox 0 0 1802 5575">
     <span class='ocr_line' id='line_1_38' title="bbox 0 0 1802 5575; baseline 0 0"><span class='ocrx_word' id='word_1_273' title='bbox 0 0 1802 5575; x_wconf 95' lang='lat' dir='ltr'><strong> </strong></span> 
     </span>
    </p>
   </div>
  </div>
 </body>
</html>
