3575 5575
492 749 532 808 84
738 761 875 806 Joaunrs
892 761 1172 806 sauusaunmusrs
1312 745 1396 819 [mn.
1414 761 1451 806 n.

493 913 634 978 futurus.
678 911 851 978 Excidium
874 912 997 998 quippe
1018 911 1202 978 Numantiae
1218 911 1341 998 juniori
1361 912 1450 976 inno·

495 1013 558 1078 tuit
583 1013 748 1092 African0,
772 1015 848 1078 dum
876 1024 959 1078 esset
985 1011 1093 1076 adhue
1114 1035 1196 1099 pene
1217 1011 1317 1076 miles.
1362 1017 1450 1078 Dum

495 1127 668 1181 autumnus
679 1113 812 1178 adultus
827 1128 874 1178 est
890 1126 945 1180 aut
961 1126 1156 1200 praeruptus,
1166 1113 1287 1178 somnia
1302 1113 1450 1201 frequen-

495 1219 561 1284 tius
575 1230 777 1282 evanescunt.
823 1217 987 1280 Arborum
1004 1238 1143 1301 namque
1158 1214 1339 1280 labentibus
1354 1216 1451 1295 foliis,

495 1317 724 1382 insomniorum
751 1318 873 1384 vanitas
891 1317 1095 1381 dominatur:
1125 1315 1210 1402 quod
1231 1330 1264 1416 et
1284 1318 1449 1422 Vir'lius,

496 1418 528 1481 in
551 1418 633 1483 libro
656 1418 687 1482 in
716 1442 781 1505 quo
805 1419 906 1484 totius
929 1416 1144 1503 Philosophiae
1166 1417 1301 1481 rimatur
1324 1441 1449 1496 arcana,

496 1621 589 1687 variis
606 1621 733 1686 somniis
753 1626 888 1687 ornavit.
935 1621 1096 1684 Locorum
1119 1643 1250 1706 quoque
1270 1619 1449 1698 diversitas,

494 1727 596 1789 varias
612 1725 733 1810 figuras
754 1723 871 1810 quietis
889 1721 1042 1801 admittit,
1058 1734 1095 1786 ut
1115 1721 1177 1785 alia
1196 1721 1277 1799 aliis,
1293 1744 1377 1786 nunc
1393 1722 1449 1786 ho·

495 1847 566 1891 rum
582 1848 667 1890 nunc
690 1826 815 1889 illorum
838 1828 1045 1900 somniorum,
1062 1824 1209 1889 uberiora
1223 1827 1296 1891 siut.
1342 1826 1451 1890 Locus

497 1950 633 2013 namque
655 1927 808 2015 palustris
830 1942 886 1992 aut
910 1928 1066 2000 desertus,
1083 1927 1281 1991 eminentiori
1300 1940 1356 1992 aut
1371 1928 1450 1992 cele·

496 2029 593 2094 briori
633 2030 905 2116 phantasticarum
947 2028 1121 2114 imaginum
1163 2015 1346 2096 foecnndior
1390 2043 1447 2096 est.

497 2135 562 2196 Res
577 2155 706 2218 quoque
717 2132 878 2196 interdum
889 2131 1100 2210 manifestius,
1111 2130 1273 2197 interdum
1288 2132 1451 2199 obscurius

496 2235 650 2319 aperitur,
672 2247 704 2298 et
727 2257 811 2299 nune
835 2235 991 2319 seipsam
1014 2233 1120 2296 auimo
1142 2233 1271 2319 ingerit,
1293 2257 1378 2299 nunc
1403 2236 1450 2298 iu-

497 2336 628 2402 timante
651 2337 714 2402 alio
737 2336 933 2401 declaratur:
965 2339 1075 2411 Quum
1092 2359 1167 2400 vero
1181 2335 1252 2399 luce
1265 2337 1450 2402 immediata

496 2439 632 2524 seipsam
656 2439 810 2519 infundit,
826 2438 905 2504 visio
920 2451 979 2518 est,
993 2461 1033 2502 ex
1056 2461 1094 2501 eo
1115 2437 1201 2524 quod
1218 2438 1311 2525 plena
1326 2454 1358 2505 et
1373 2463 1449 2504 vera

497 2541 599 2628 specie
625 2542 685 2619 sui,
701 2543 803 2607 oculis
819 2541 966 2605 videatur
988 2564 1055 2604 esse
1077 2541 1239 2626 subjecta;
1272 2547 1365 2628 quale
1385 2556 1443 2622 est,

497 2643 585 2730 quod
610 2644 824 2712 Cassandrum
847 2643 976 2708 omuino
997 2665 1061 2708 non
1085 2645 1203 2721 visum,
1225 2667 1245 2708 a
1267 2669 1331 2731 quo
1355 2646 1449 2712 Alex-

494 2747 592 2812 ander
618 2747 732 2815 hausto
755 2768 876 2813 veneno
896 2744 1100 2834 perimendus
1121 2759 1198 2823 erat,
1214 2748 1354 2833 agnovit,
1371 2751 1448 2835 quia

493 2874 564 2916 eum
586 2852 725 2937 quiesci
750 2864 1045 2938 repraesentaverat.
1091 2852 1191 2914 Porro
1212 2852 1368 2917 visionum
1387 2853 1449 2917 alia

495 2952 691 3017 manifestior
713 2966 770 3025 est,
793 2965 830 3017 ut
852 2976 927 3038 quae
948 2953 1033 3017 clara
1055 2954 1100 3017 rei
1127 2954 1262 3019 occurrit
1289 2956 1445 3039 imagine;

495 3052 557 3117 alia
572 3054 808 3139 profundiorem
824 3053 983 3119 desiderat
994 3054 1202 3132 intellectum,
1216 3068 1252 3121 ut
1267 3080 1367 3143 quum
1380 3082 1447 3122 rem

496 3154 640 3219 admixta
654 3156 773 3241 species
787 3158 965 3242 figurarum
981 3155 1163 3231 obnubilat;
1187 3156 1269 3221 sicut
1284 3172 1342 3236 est,
1360 3160 1447 3245 quod

496 3258 533 3321 C.
550 3257 676 3321 Caesare
692 3256 823 3321 transito
838 3255 1006 3321 Rubicone
1020 3256 1141 3321 bellum
1155 3256 1268 3341 patriae
1282 3256 1447 3341 inferente,

496 3359 537 3424 ad
553 3358 782 3449 designandum
800 3372 953 3423 terrorem
973 3359 1103 3440 civium,
1118 3358 1175 3445 qui
1198 3373 1287 3425 erant
1302 3383 1448 3447 percon.

495 3462 574 3526 civis
587 3461 736 3546 injuriam
752 3460 965 3547 opprimendi,

635 3569 733 3638 Ingens
745 3570 801 3621 visa
813 3569 880 3633 duci,
892 3570 984 3640 patriae
996 3570 1151 3640 trepidantis
1162 3571 1259 3639 imago,

493 3668 568 3733 duci
585 3690 645 3733 suo
664 3665 869 3739 denuncians,
886 3687 925 3727 ne
946 3664 1089 3728 concives
1108 3666 1205 3729 armis
1225 3668 1374 3733 civilibus
1388 3669 1446 3732 im·

493 3782 660 3855 pugnaret.
720 3766 846 3833 Publici
872 3789 1009 3852 namque
1035 3770 1141 3851 imago
1166 3768 1302 3853 imperii,
1327 3770 1447 3853 publici
1521 3835 1526 3839 .

493 3888 609 3950 metue,
632 3886 663 3936 et
687 3873 832 3937 Caesareo
855 3868 983 3933 nomine
1005 3881 1177 3953 prostratoe
1200 3869 1288 3933 urbis
1310 3882 1377 3933 erat
1399 3870 1447 3934 in-

493 3971 586 4037 dicio.
632 3972 724 4049 Quod
748 3972 774 4036 si
795 3970 920 4057 imperii
944 3970 1064 4034 nullam
1087 3970 1120 4032 iu
1146 3970 1290 4046 veritate,
1305 3993 1379 4056 quae
1402 3972 1446 4036 sie

493 4084 673 4159 appareret,
688 4072 823 4137 credidit
838 4071 912 4158 quis
927 4072 1024 4135 fnisse
1044 4071 1226 4155 imaginem,
1241 4070 1445 4137 historiarum

493 4174 557 4239 fide
586 4174 818 4239 certiorabitur.
874 4176 983 4251 Quum
1013 4175 1096 4237 enim
1126 4173 1324 4259 majestatem
1355 4176 1448 4241 urbis

491 4277 650 4366 principes
687 4275 803 4341 visibili
840 4277 945 4362 specie
982 4288 1174 4341 censuerunt
1216 4275 1445 4356 honorandam,

491 4379 651 4467 exquisito
677 4378 812 4445 artificio
842 4379 1030 4444 muliebrem
1060 4379 1208 4460 formam,
1234 4404 1308 4472 quae
1334 4381 1444 4449 orbem
