3575 5575
489 789 553 850 882
745 799 881 845 rosusrs
897 796 1175 843 sannsnnmnusrs
1320 773 1400 853 [ma.
1417 792 1447 836 v,

494 964 632 1040 portant.
685 955 751 1016 Aut
775 954 801 1015 si
825 953 1074 1016 emolumentum
1101 970 1169 1014 esse
1203 969 1267 1010 uon
1292 947 1380 1020 licet,
1406 946 1448 1008 sit

494 1061 607 1122 saltem
633 1054 853 1138 compensatio
878 1064 1062 1136 sumptuum
1088 1061 1121 1114 et
1149 1049 1347 1114 damnorum.
1402 1049 1448 1110 Hi

495 1171 603 1222 tamen
618 1157 679 1219 rari
695 1165 779 1218 sunt.
823 1154 906 1225 Quis
921 1151 1007 1214 enim
1029 1149 1189 1214 embcscit
1210 1149 1333 1212 dicere:
1360 1147 1447 1220 Quid

496 1259 576 1322 mibi
592 1257 684 1320 dahis
710 1267 746 1318 ut
771 1254 829 1317 libi
848 1253 1005 1336 justitiam
1030 1249 1167 1316 faciam?
1224 1251 1308 1312 Nam
1335 1259 1370 1311 ut
1391 1269 1450 1331 pro

497 1362 604 1445 scipsa
624 1358 824 1429 exhibeatur,
846 1356 961 1418 frustra
981 1365 1145 1437 expectas.
1201 1354 1319 1415 Nonne
1344 1351 1446 1414 simile

495 1477 554 1538 est,
571 1483 608 1526 ac
624 1460 651 1522 si
667 1459 801 1534 dicatur,
816 1457 896 1540 quid
918 1457 1012 1519 vultis
1027 1457 1105 1518 mihi
1127 1455 1201 1518 dare
1217 1465 1252 1516 ut
1266 1475 1318 1516 me
1341 1453 1448 1534 ipsum

495 1569 664 1646 abnegem,
679 1562 820 1625 officium
835 1558 980 1644 prodam,
995 1569 1027 1621 et
1041 1558 1205 1621 dominum
1221 1553 1382 1620 rendum?

497 1755 579 1836 Cap.
598 1756 645 1814 17.
670 1750 850 1813 Pecuniam
866 1745 1131 1808 contemnendum
1150 1764 1213 1807 esse
1228 1762 1303 1824 prae
1321 1741 1449 1823 supien-

537 1855 606 1916 tta.-
639 1849 723 1932 quod
742 1852 840 1912 etium
855 1855 995 1909 ueterum
1014 1845 1275 1927 Philosophorum
1292 1843 1450 1925 probatur

536 1954 697 2035 etamplis.

535 2084 726 2144 Lnonnrna
741 2077 869 2160 plurimi
889 2077 1157 2159 Philosophorum
1174 2096 1238 2139 uon
1254 2072 1350 2138 modo
1365 2073 1446 2137 diri·

493 2183 553 2246 tias
568 2179 806 2262 contempsisse,
821 2178 877 2240 sed
894 2177 1062 2261 abjecisse,
1074 2178 1166 2261 quasi
1180 2177 1445 2262 impedimentum

492 2284 659 2370 sapientias
673 2293 706 2345 et
719 2281 852 2344 virtutis.
899 2281 990 2343 Fecit
1005 2281 1067 2343 hoc
1089 2281 1248 2358 Socrates,
1267 2300 1361 2363 quem
1378 2300 1445 2340 om-

492 2386 581 2448 nium
598 2381 861 2466 philosophorum
878 2390 975 2443 sectae
990 2380 1081 2463 quasi
1105 2379 1294 2462 prudentiae,
1309 2391 1341 2441 et
1365 2378 1447 2441 veri·

491 2488 567 2550 tatis
581 2486 713 2548 unicum
729 2482 849 2544 fontem
867 2493 1066 2544 venerantur.
1093 2480 1298 2543 Antisthenes
1314 2499 1442 2563 quoque

492 2607 591 2670 quum
612 2583 748 2665 gloriose
766 2583 957 2646 rhetoricam
977 2580 1148 2659 docuisset,
1163 2582 1369 2665 audissetque
1386 2582 1443 2644 So·

492 2700 623 2762 cratem,
651 2686 772 2749 dixisse
797 2685 896 2749 fertur
929 2683 969 2747 ad
996 2684 1173 2768 discipulos
1198 2705 1291 2748 suos:
1338 2684 1443 2759 Abite‚

491 2792 676 2870 magistmm
694 2787 835 2872 quaerite,
852 2808 914 2869 ogo
929 2786 1015 2849 enim
1026 2785 1095 2869 jam
1112 2787 1224 2871 reperi.
1264 2789 1443 2870 Statimque

490 2890 628 2955 venditis
651 2911 724 2974 quae
750 2887 900 2966 habebat,
927 2902 960 2951 et
989 2890 1121 2971 publice
1149 2889 1339 2968 distributis,
1363 2890 1446 2952 nihil

491 2994 551 3056 sibi
564 2994 745 3075 plusquam
757 2992 922 3074 palliolum
940 2992 1120 3054 reservavit.
1152 2990 1262 3074 Hujus
1278 2991 1445 3073 Diogenes

428 3076 432 3081 ’
489 3094 543 3156 ille
565 3090 798 3155 famosissimus
816 3100 956 3154 sectator
977 3092 1047 3168 fuit,
1067 3092 1229 3173 potentior
1251 3114 1324 3172 rege
1346 3093 1444 3155 Alex-

490 3194 601 3267 andm,
617 3205 650 3257 et
663 3204 782 3255 naturae
797 3192 944 3255 bumauae
968 3192 1077 3256 victor.
1121 3193 1226 3264 Quum
1253 3207 1360 3256 autem
1381 3196 1446 3255 An-

492 3295 645 3358 tisthenes
671 3291 902 3375 discipulorum
931 3294 1053 3356 nullum
1085 3293 1251 3375 reciperet,
1279 3304 1311 3354 et
1337 3314 1445 3377 perse-

491 3403 653 3457 verantem
669 3393 850 3473 Diogenem
871 3414 1031 3457 removere
1052 3415 1118 3457 uon
1137 3406 1258 3477 posset,
1272 3396 1446 3458 novissime

492 3496 524 3559 ei
535 3494 674 3557 minatus
686 3505 736 3556 est
746 3493 881 3567 clavam,
892 3493 955 3557 nisi
967 3494 1079 3557 abiret.
1110 3496 1195 3557 Tum
1204 3496 1256 3558 ille
1268 3496 1445 3580 subjecisse

490 3606 589 3682 caput
602 3596 700 3659 fertur
710 3606 805 3679 atque
818 3593 959 3659 dixisses
987 3596 1106 3660 Nullus
1117 3607 1182 3660 tam
1200 3598 1298 3661 dums
1309 3600 1443 3662 baculus

490 3699 560 3773 erit,
577 3698 633 3781 qui
649 3717 699 3759 me
714 3717 735 3759 a
753 3707 809 3758 tuo
829 3696 931 3778 possit
950 3697 1111 3759 consortio
1132 3716 1289 3779 separare.
1335 3699 1444 3761 Refert

490 3801 631 3882 Satyrus,
668 3799 724 3879 qui
760 3797 898 3860 virorum
934 3797 1105 3860 illustrium
1141 3800 1251 3862 scribit
1283 3800 1443 3875 historias,

488 3899 576 3983 quod
590 3900 651 3963 iste
673 3899 837 3981 Diogenes
855 3898 990 3982 palliolo
1011 3896 1134 3981 duplici
1156 3921 1233 3963 usus
1254 3903 1295 3965 sit
1314 3912 1443 3985 propter

488 4002 597 4079 frigus,
614 4020 722 4080 peram
743 4020 802 4081 pro
827 3996 957 4063 cellario
982 4000 1141 4078 habuerit,
1169 4022 1343 4084 secumque
1369 4023 1442 4085 por-

487 4098 610 4176 taverit,
634 4109 666 4160 et
689 4100 776 4181 quod
801 4102 924 4163 clavam
951 4100 1082 4182 gerebat
1107 4104 1149 4165 ob
1176 4104 1356 4187 corpusculi
1381 4105 1442 4166 sra-

483 4199 651 4283 gililatem,
667 4200 808 4283 quajam
832 4223 934 4265 senex
959 4207 1102 4268 membra
1128 4215 1307 4268 sustentare
1331 4206 1443 4267 solitus

485 4314 561 4379 erat,
577 4314 609 4365 et
623 4303 816 4367 emorathios
831 4305 927 4386 vulgo
943 4303 985 4366 sit
1000 4307 1190 4389 appellatus,
1205 4307 1238 4369 in
1252 4318 1439 4389 praesentent

482 4404 592 4467 horam
608 4425 745 4488 poscens
761 4428 780 4469 a
795 4408 941 4489 quolibet
956 4416 988 4470 et
1013 4407 1178 4491 accipiens
1204 4407 1325 4471 cibum.
1371 4408 1441 4469 Ha-
