3575 5575
960 267 1141 459 inu.
1198 368 1253 460 ,a
1294 281 1488 508 (fiper

350 805 423 850 cnr.
443 789 481 868 u]
697 801 953 850 rourcnsrrcos.
1246 787 1304 844 161

352 955 470 1018 homini
480 955 627 1019 alienum.
664 954 801 1019 Virtutis
812 977 887 1018 vero
899 975 1074 1040 processus,
1084 951 1304 1037 ambiguitatis

351 1055 450 1140 hujus
472 1055 590 1120 nodum
607 1055 713 1135 solvit,
729 1077 829 1140 quum
854 1067 886 1118 et
908 1055 1048 1120 comicus
1070 1053 1149 1117 nihil
1171 1050 1302 1118 humani

350 1156 487 1222 alienum
511 1181 530 1222 a
553 1181 585 1222 se
608 1170 743 1243 reputet,
763 1169 795 1222 et
817 1156 966 1241 magister
983 1155 1121 1221 coelestis
1141 1155 1302 1228 hominem

348 1258 467 1324 homini
497 1259 695 1345 diligendum
726 1259 871 1324 docuerit
904 1272 939 1324 ut
970 1282 1003 1322 se
1033 1258 1147 1344 ipsum.
1204 1255 1301 1320 Unde

348 1376 438 1445 patet
458 1361 626 1448 indiguum
647 1385 713 1425 esse
734 1376 825 1426 tanto
848 1358 1000 1444 magistro
1020 1359 1225 1444 discipulum.
1246 1356 1302 1443 qui

350 1463 475 1528 veritati
498 1486 560 1526 non
584 1462 775 1547 congaudet,
798 1476 830 1527 et
851 1461 1006 1525 adversus
1027 1461 1166 1547 publicae
1192 1458 1302 1524 salutis

348 1561 455 1627 hostes
470 1585 531 1626 non
544 1563 753 1628 excandescit.
788 1566 856 1627 Eos
865 1585 942 1624 vero
957 1584 1016 1646 pro
1031 1574 1123 1647 parte
1139 1559 1303 1647 praesentis

349 1664 507 1749 opusculi,
518 1664 721 1749 aliquatenus
737 1664 838 1748 tangit
851 1662 1003 1734 intenti03
1025 1678 1058 1726 et
1069 1683 1302 1747 nugaseorum,

350 1787 417 1850 quo
433 1774 537 1850 potest
552 1777 584 1830 et
599 1766 776 1845 consuevit,
792 1763 856 1829 telo
870 1763 1021 1827 decutiet.

424 2019 503 2110 Cap.
523 2032 553 2090 l.
575 2025 821 2102 uniuersales
835 2023 1029 2087 uniuersalis
1043 2031 1076 2084 et
1084 2023 1229 2104 pobleto.

394 2157 461 2224 Esr
476 2158 573 2245 igitur
583 2160 669 2224 salus
683 2157 821 2245 publica,
834 2181 908 2245 quae
921 2157 1082 2222 universos
1091 2156 1186 2236 fovet,
1199 2171 1232 2223 et
1241 2158 1304 2224 sin-

348 2260 752 2344 gulos,iucolumitasvitae.
776 2260 865 2325 Nihil
874 2261 961 2326 enim
971 2259 1093 2324 homiui
1102 2261 1304 2347 proestautius

349 2362 414 2427 vita
425 2365 507 2448 ejus:
519 2363 740 2428 incolomitate
750 2363 835 2444 vitae,
846 2363 925 2426 nihil
935 2362 1101 2428 salubrius.
1128 2363 1302 2428 Hominem

348 2487 423 2528 vero
438 2477 581 2558 constare
597 2466 753 2531 exanima
767 2464 924 2543 rationali,
936 2477 968 2530 et
982 2487 1078 2530 carne
1092 2466 1301 2552 corruptibili,

348 2559 472 2657 antiqui
502 2568 661 2655 sapientes
682 2565 886 2633 definierunt.
933 2567 1017 2632 Caro
1038 2565 1196 2652 siquidem
1226 2566 1304 2632 vivit

348 2669 389 2733 ab
404 2670 522 2754 anima,
537 2692 637 2757 quum
658 2668 786 2733 aliunde
802 2668 927 2752 corpori
942 2667 1006 2732 vita
1026 2689 1172 2731 essenon
1193 2669 1301 2754 possit,

351 2771 438 2857 quod
460 2795 586 2858 semper
597 2770 722 2835 inertiae
738 2792 804 2834 suae
827 2779 954 2855 torpore
970 2767 1114 2855 quiescit,
1138 2768 1198 2833 nisi
1213 2770 1304 2856 spiri·

350 2872 445 2938 tualis
460 2884 583 2938 naturae
595 2871 752 2937 beneficio
767 2883 942 2935 moveatur.
988 2875 1072 2937 Hoec
1085 2884 1194 2936 autem
1206 2872 1303 2937 habet

350 2984 384 3039 et
407 2974 475 3062 ipsa
489 2975 587 3040 vitam
613 2997 713 3042 suam.
759 2974 849 3039 Deus
871 2974 991 3039 etenim
1018 2976 1083 3039 vita
1107 2974 1223 3039 animae
1245 2991 1304 3041 est.

352 3078 459 3154 Quam
474 3079 665 3145 sententiam
686 3079 911 3143 modernorum
927 3077 1057 3166 quidam
1079 3079 1217 3164 graviter
1231 3082 1302 3168 qui-

349 3182 424 3247 dem
440 3194 473 3247 et
488 3206 573 3266 vere,
588 3183 665 3247 licet
678 3182 812 3247 metrica
826 3182 956 3247 levitate
971 3183 1156 3269 complexus
1170 3196 1229 3265 est,

455 3302 520 3357 Vita
530 3304 625 3356 animae
638 3301 711 3355 Deus
723 3306 773 3366 est,
784 3301 842 3355 haec
853 3302 974 3373 corporis,
984 3301 1035 3353 hac
1045 3300 1163 3370 fugiente

526 3384 638 3441 Solvitur
647 3387 707 3453 hoc,
719 3389 787 3459 perit
798 3388 855 3441 haec
868 3388 1028 3441 destituente
1042 3387 1111 3441 Deo.

352 3490 529 3575 Sicutergo
538 3490 660 3577 corpori
670 3490 774 3555 vivere
787 3501 836 3555 est
844 3490 994 3576 vegetari,
1007 3490 1127 3556 moveri
1137 3492 1178 3557 ab
1184 3492 1301 3574 anima,

352 3603 385 3657 et
407 3592 610 3678 dispositione
633 3593 680 3659 sui
696 3594 835 3659 motibus
857 3594 975 3659 animoe
996 3594 1208 3681 acquiescere,
1224 3595 1302 3659 etei

237 3772 247 3787 .
351 3694 489 3783 quodam
523 3694 694 3758 obediendi
726 3695 913 3759 necessitate
944 3696 1154 3761 concordare:
1192 3695 1237 3760 sic
1267 3707 1301 3761 et

350 3796 458 3862 anima
472 3819 512 3861 ex
527 3818 566 3860 eo
586 3796 672 3873 vivit,
688 3796 774 3882 quod
794 3820 851 3861 suo
867 3798 962 3862 modo
984 3808 1160 3881 vegetatur,
1179 3809 1213 3861 et
1227 3821 1301 3863 vere

350 3913 497 3966 movetur
511 3922 529 3964 a
545 3900 627 3978 Deo,
644 3900 721 3964 etei
740 3901 883 3986 subjecta
902 3901 1070 3965 devotione
1089 3901 1300 3988 obtemperat,

351 4016 385 4068 et
399 4004 432 4067 iu
448 4003 595 4068 omnibus
610 4002 792 4091 acquiescit.
839 4005 874 4070 Si
889 4027 954 4092 quo
969 4004 1084 4086 minus,
1094 4015 1128 4069 et
1141 4028 1180 4069 eo
1196 4006 1302 4072 minus

351 4105 437 4171 vivit.
483 4105 567 4170 Nam
590 4116 624 4171 et
638 4128 761 4193 corpus,
776 4128 839 4195 qua
854 4122 944 4193 parte
959 4107 1008 4171 sui
1023 4130 1087 4172 nou
1101 4120 1247 4174 movetur
1261 4110 1302 4174 ab

351 4207 469 4286 anima,
495 4208 563 4292 jam
586 4208 619 4272 in
642 4231 680 4274 ea
709 4223 869 4295 torporem
892 4210 1002 4275 mortis
1023 4210 1164 4275 incurrit.
1210 4212 1300 4277 Dum

284 4346 286 4351 ·
352 4330 427 4391 ergo
442 4320 544 4373 totum
568 4311 652 4387 vivit,
677 4311 718 4376 ad
747 4336 817 4377 earn
839 4325 941 4377 totum
965 4313 1151 4398 disponitor,
1173 4336 1247 4398 quae
1266 4336 1300 4378 se

354 4431 417 4473 non
433 4431 492 4494 per
504 4421 610 4494 partes
630 4411 772 4478 infundit
785 4415 941 4499 partibus,
957 4416 1012 4479 sed
1027 4424 1094 4479 tota
1109 4424 1167 4497 est,
1179 4426 1212 4478 et
1226 4437 1302 4501 ope·

396 4533 468 4577 von.
485 4531 534 4577 111.
820 4537 846 4580 M
