3575 5575
482 818 525 875 64
744 824 880 869 JOANNIS
897 824 1175 870 SARESBRRIRNSIS
1302 806 1385 887 [tto.
1401 822 1437 881 ll.

483 973 599 1044 audeat
609 980 641 1039 ?''
663 977 795 1052 Quoties
808 972 885 1060 ¹ergo
897 976 942 1038 sol
954 976 988 1038 iu
1000 974 1080 1038 coelo
1094 976 1249 1059 geminari
1261 977 1437 1060 videbitur,

482 1079 720 1148 inundationem
737 1100 891 1164 aquarum
909 1078 1071 1163 subjectus
1085 1079 1172 1142 orbis
1186 1094 1357 1167 exspectet.
1387 1086 1433 1147 Et

482 1184 556 1249 licet
571 1206 590 1246 a
605 1182 735 1246 raritate
757 1181 818 1259 sui,
832 1180 993 1244 miraculis
1007 1180 1156 1246 videatur
1176 1183 1337 1263 accedere,
1351 1207 1433 1270 opus

400 1324 402 1330 ,
483 1299 588 1350 tamen
611 1297 733 1348 naturae
753 1293 811 1357 est,
830 1303 904 1367 quae
923 1281 1053 1366 quidem
1076 1283 1172 1347 solem
1196 1306 1259 1348 non
1279 1289 1431 1370 geminat,

483 1388 538 1452 sed
561 1386 677 1449 nubem
708 1383 898 1449 simillimam
928 1382 1015 1463 facit,
1037 1395 1235 1471 vocaturque
1256 1387 1431 1472 parhelion.

482 1494 543 1556 Est
566 1493 648 1554 enirn
664 1485 826 1574 parhelion
843 1485 944 1550 nubes
959 1484 1118 1550 simillima
1132 1488 1201 1565 soli,
1217 1490 1344 1575 signum
1360 1491 1433 1576 qui·

480 1594 552 1658 dem
569 1612 734 1655 commune
756 1588 876 1665 multis,
892 1588 952 1652 etsi
972 1610 1035 1651 non
1056 1591 1214 1673 generale.
1261 1592 1430 1678 Siguorum

481 1694 638 1781 siquidem
665 1690 727 1756 alia
751 1688 967 1776 particularia,
991 1688 1054 1753 alia
1083 1692 1283 1757 universalia.
1329 1694 1433 1758 Parti·

479 1797 599 1863 cularia
619 1815 695 1857 vero
717 1791 839 1855 faciunt
861 1790 1006 1875 singulis,
1028 1791 1219 1858 universalia
1240 1793 1350 1859 multis
1374 1807 1431 1860 aut

480 1898 645 1964 universis.
690 1895 837 1979 Utraque
859 1904 977 1968 autem,
992 1894 1088 1957 modo
1110 1918 1150 1958 ex
1172 1895 1345 1974 elementis,
1367 1897 1431 1962 dis-

480 1998 636 2087 positione
656 1994 815 2072 creatoris,
831 1993 927 2057 modo
946 2017 986 2057 ex
1006 2007 1122 2059 natura
1139 2019 1256 2076 rerum,
1276 1997 1371 2062 modo
1390 2022 1430 2064 ex

481 2101 604 2167 malitia
639 2098 832 2171 daemonum,
871 2095 1013 2160 homines
1050 2096 1190 2163 Domino
1227 2098 1430 2185 permittente

480 2202 727 2276 ludificantium,
743 2200 909 2285 provenire
923 2198 1104 2283 dicuutur„
1125 2200 1187 2264 Sed
1203 2224 1288 2287 quoe,
1302 2213 1335 2265 et
1351 2225 1430 2286 quo-

479 2306 586 2383 modo,
601 2326 705 2390 quave
719 2301 759 2365 de
778 2323 883 2377 causa,
902 2299 1060 2386 judicium
1078 2301 1209 2387 quidem
1224 2302 1351 2368 difficile
1371 2317 1431 2383 est,

479 2420 511 2474 et
533 2408 717 2491 frequenter
737 2403 904 2476 incertum,
927 2413 959 2464 et
982 2423 1067 2486 saepe
1088 2401 1196 2482 altius,
1211 2426 1307 2489 quarn
1330 2417 1365 2469 ut
1388 2406 1430 2469 ab

478 2512 605 2575 homine
621 2506 723 2570 valeat
738 2502 893 2589 expediri.
923 2502 983 2565 Eis
998 2512 1103 2565 tamen
1117 2502 1272 2569 licentiori
1287 2506 1428 2570 vanitate

476 2608 773 2676 mathematicorum
790 2604 899 2670 referti
914 2614 988 2667 sunt
1004 2602 1087 2667 libri.
1132 2604 1252 2667 AEneas

579 2726 668 2780 Matre
679 2725 730 2778 dea
741 2727 902 2777 monstrante
912 2721 990 2786 viam,
1002 2720 1064 2773 data
1075 2718 1131 2773 fata
1142 2726 1260 2774 secut-um

476 2857 509 2898 se
523 2834 647 2908 asserit,
662 2854 700 2893 eo
721 2828 807 2915 quod
829 2827 1007 2912 egredienti
1028 2825 1171 2905 Lucifer,
1188 2827 1292 2912 quiet
1310 2830 1426 2910 Venus,

477 2935 576 2998 donec
591 2935 633 2996 ad
648 2931 775 2994 ltaliam
791 2929 983 3015 perveniret,
997 2927 1146 3014 apparuit
1161 2930 1348 3016 auspicanti.

582 3045 708 3099 Defectus
719 3045 780 3098 solis
791 3044 884 3109 varios,
894 3043 1014 3112 lauteque
1022 3042 1137 3107 labores,

477 3174 582 3216 rerum
597 3149 762 3214 eventibus
776 3147 942 3213 curiositas
956 3146 1094 3211 humana
1108 3160 1245 3234 coaptat.

534 3391 614 3475 Cap.
631 3397 660 3455 4.
683 3392 736 3454 De
749 3393 852 3472 algais
867 3410 944 3472 quoe
954 3397 1192 3474 praecesserant
1205 3392 1362 3455 madiam

668 3493 999 3574 Hiamsolymitanum
1014 3493 1231 3556 normanum.

518 3625 761 3690 Varus-refert
786 3624 920 3688 historia
935 3623 997 3704 (sic
1018 3624 1105 3688 dicta
1127 3624 1215 3710 quod
1240 3636 1288 3690 est
1311 3638 1423 3691 auctor

473 3728 542 3814 ejus
556 3726 706 3807 incertus,
717 3739 749 3790 et
760 3738 867 3790 vetera
882 3726 995 3810 refert)
1007 3724 1095 3812 quod
1108 3726 1292 3792 imminente
1307 3727 1423 3791 Hiero·

474 3829 668 3913 solymorum
689 3826 825 3905 excidio,
841 3827 965 3915 eclipsis
980 3828 1064 3893 lunae
1087 3850 1144 3914 per
1165 3828 1334 3892 duodecim
1348 3850 1422 3891 noc-

474 3944 522 3995 tes
537 3930 701 3994 continuas
712 3929 806 3996 etiam
818 3932 851 3995 in
863 3929 1175 4004 remotissimishcis
1185 3939 1348 4014 protracta
1362 3939 1422 4007 est,

472 4031 556 4095 forte
585 4031 764 4117 significans
793 4032 941 4096 Judaicae
967 4030 1122 4117 perfidiae,
1151 4041 1183 4093 et
1213 4028 1422 4113 superstitiosi

473 4133 586 4196 erroris
607 4133 809 4215 eversionem,
829 4157 917 4220 quae,
936 4133 1066 4199 Christo
1086 4152 1144 4217 per
1163 4127 1418 4217 predicationem

472 4233 690 4318 Apostolicam
714 4236 833 4300 mundo
853 4235 1064 4309 illucescente,
1081 4232 1254 4297 rectissime
1275 4233 1419 4317 contigit.

474 4335 635 4420 Scriptum
651 4347 698 4399 est
709 4336 806 4401 enim:
825 4335 952 4401 Stultus
966 4346 1111 4399 mutatur
1126 4351 1162 4399 ut
1179 4335 1286 4416 Luna,
1297 4336 1421 4422 sapiens

471 4460 546 4503 vero
559 4459 631 4502 cum
644 4435 717 4506 Sole
729 4449 901 4524 permanet.
932 4435 1007 4501 Alia
1022 4459 1152 4523 quoque
1163 4459 1261 4523 quam
1273 4437 1423 4524 plurima,
