3575 5575
323 834 395 879 cur.
410 819 486 897 xta]
673 838 927 887 nourcaamcos.
1236 829 1278 886 49

323 985 408 1049 tione
433 986 607 1064 stellarum,
632 989 761 1074 situque
787 988 990 1065 firmamenti,
1016 1002 1047 1053 et
1074 988 1273 1075 planetarum

321 1097 422 1161 motu,
437 1110 513 1172 quse
529 1086 591 1152 siut
607 1101 741 1151 ventura
754 1086 941 1173 conjiciunt,
957 1099 994 1151 ut
1011 1100 1058 1152 est
1074 1088 1173 1153 illud:

425 1193 525 1247 Nostra
536 1194 575 1248 vel
589 1195 682 1264 aequali
694 1195 831 1268 suspendit
841 1200 960 1266 tempora
971 1195 1039 1249 hhra

426 1276 509 1331 Parca
521 1284 603 1332 tenax
614 1281 677 1343 veri,
690 1297 736 1333 seu
747 1284 810 1332 nata
820 1279 944 1334 fidelibus
954 1281 1027 1334 hora.

426 1363 528 1417 Dividit
539 1367 567 1417 in
579 1365 704 1418 Geminos
716 1366 851 1419 concordia
862 1365 933 1419 facta
945 1367 1061 1431 duorum,

424 1447 616 1519 Saturnumque
627 1466 734 1517 gravem
745 1456 832 1501 nostro
843 1448 908 1502 Jove
922 1446 1066 1518 frangimus
1077 1470 1140 1517 una,

426 1532 523 1586 Nescio
534 1535 603 1603 quod
615 1539 685 1587 certe
699 1540 748 1597 est,
761 1535 830 1604 quod
842 1541 869 1587 te
881 1536 946 1587 mihi
958 1541 1085 1607 temperat
1096 1544 1204 1593 ashnm.

320 1618 367 1681 Ac
394 1619 421 1681 si
446 1618 609 1681 stellarum
636 1619 767 1682 choreas
791 1619 1083 1706 applicationesque
1110 1625 1207 1689 unius
1231 1625 1273 1688 ad

320 1714 450 1779 alteram
468 1729 589 1783 constet
608 1720 714 1795 rebus,
730 1742 805 1805 quae
824 1743 864 1784 ex
885 1718 1010 1785 arbitrii
1033 1722 1180 1789 libertate
1200 1747 1274 1811 pro-

322 1818 464 1896 veniunt,
495 1820 654 1906 quandam
693 1821 887 1886 necessitatis
922 1836 1074 1908 praestare
1108 1824 1272 1907 originem,

319 1941 454 2005 quorum
478 1936 510 1987 et
532 1922 733 2006 genethliaci,
749 1924 806 2008 qui
827 1946 969 2009 geneses,
988 1923 1023 1988 id
1045 1937 1092 1990 est
1115 1926 1274 1992 natalitias

319 2021 413 2087 horas
427 2023 610 2103 attendunt,
623 2024 790 2090 imitantur
799 2047 949 2089 errorem.
988 2026 1085 2093 Unde
1095 2028 1272 2114 Satyrione,
1340 2077 1344 2082 »

421 2132 452 2183 Ν
454 2137 498 2185 ota
508 2132 700 2186 mathematicis
711 2134 816 2201 genesis
826 2139 882 2187 tua.

320 2216 422 2283 iidem
439 2241 514 2285 vero
527 2220 694 2306 horoscopi
709 2219 925 2287 nominantur.
969 2219 1066 2286 Unde
1080 2244 1201 2300 rursus,

566 2320 692 2373 Geminos
703 2320 843 2393 horoscope
855 2338 926 2374 varo.

426 2404 553 2459 Producis
563 2408 650 2487 gegic-

318 2489 433 2577 Viguit
454 2505 561 2557 autem
582 2494 646 2559 ista
668 2496 799 2559 scientia
820 2506 852 2557 et
874 2494 957 2561 forte
979 2518 1046 2559 eam
1070 2496 1272 2583 aliquatenus

317 2589 408 2657 licuit
430 2596 582 2684 exerceri,
604 2593 704 2659 donec
726 2598 833 2659 Deum
855 2607 968 2659 natum
990 2597 1154 2661 nunciavit
1179 2600 1287 2673 stella,

317 2692 358 2758 de
380 2694 468 2774 caeln,
489 2716 663 2780 magosque
686 2717 749 2759 non
772 2696 924 2779 reprobos
946 2696 1106 2781 primitias
1129 2698 1204 2762 fidei
1230 2700 1272 2762 ad

317 2819 391 2860 eum
412 2797 611 2861 adorandum
634 2820 716 2861 novo
738 2809 770 2860 et
792 2797 938 2861 inaudito
958 2797 1081 2863 ducatu
1106 2799 1271 2883 perduxit.

318 2895 446 2962 Exinde
462 2920 536 2961 vero
551 2898 679 2984 penitus
699 2898 869 2963 interdicta
886 2899 945 2963 est.
991 2899 1194 2992 ΜΨ
1215 2905 1273 2989 qni

317 3021 359 3066 ex
381 3003 462 3064 saltu
486 3001 713 3080 membrorum,
734 3014 790 3065 aut
816 2999 981 3086 inopinato
1003 3004 1145 3087 corporis
1170 3016 1272 3085 motu,

315 3123 502 3188 prosperum
518 3101 641 3186 aliquid
657 3102 803 3166 futurum
824 3113 1006 3182 autumant,
1020 3104 1071 3167 vel
1090 3103 1271 3170 adversum.

318 3202 467 3292 Qffllffll
483 3213 568 3278 sunt,
584 3202 641 3287 qui
658 3203 717 3266 snb
736 3201 861 3266 nomine
876 3202 963 3269 fictae
985 3203 1145 3286 religionis
1160 3228 1273 3292 snper·

316 3305 438 3373 stitiosa
453 3305 593 3392 quadam
608 3305 840 3382 observatione,
852 3327 956 3370 rerum
972 3306 1163 3393 pollicentur
1176 3331 1270 3385 even·

316 3423 381 3489 tus,
395 3409 484 3495 quod
506 3431 608 3493 genus
622 3420 722 3472 sortes
736 3407 963 3494 Apostolorum
979 3420 1013 3473 et
1030 3410 1269 3495 prophetarum,

316 3523 349 3575 et
364 3509 589 3586 dividentium,
605 3523 636 3575 et
652 3509 806 3596 inspectio
821 3509 953 3589 tabulae,
968 3534 1043 3598 quae
1057 3512 1272 3598 Pythagorica

316 3609 508 3698 appellatur,
525 3611 705 3677 observatio
727 3633 856 3698 quoque
876 3612 1035 3699 cujusque
1054 3636 1148 3679 casus
1166 3615 1200 3678 in
1222 3617 1269 3680 rei

314 3715 355 3777 de
385 3734 450 3799 qua
480 3711 648 3796 quaeritur,
678 3712 919 3796 significatione.
976 3714 1159 3814 Angurium
1193 3738 1269 3780 vero

315 3811 404 3899 quod
425 3821 473 3875 est
494 3810 528 3874 in
550 3809 658 3890 avium
683 3809 916 3886 observatione,
936 3809 1088 3897 ,Phryges
1112 3813 1269 3880 invenisse

316 3913 500 3989 traduntur,
523 3910 611 3998 quod
634 3911 668 3974 in
690 3933 766 3974 voce
789 3909 930 3998 traditur
956 3925 1012 3976 aut
1039 3911 1160 3981 volatu.
1204 3920 1267 3983 Est

313 4028 419 4082 antem
449 4013 623 4079 secundum
658 4010 860 4106 traditionem
894 4035 1017 4096 eorum,
1045 4018 1171 4082 volatus
1198 4029 1265 4083 tam

314 4117 436 4181 alarum
453 4137 547 4203 quam
563 4115 699 4201 pedum:
724 4115 797 4179 vola
812 4113 970 4200 siquidem
985 4127 1033 4180 est
1049 4138 1122 4202 pars
1136 4116 1266 4184 interior

314 4217 428 4304 palmae
451 4218 501 4283 vel
526 4217 627 4304 pedis.
672 4216 770 4282 Unde
793 4217 881 4305 apud
908 4221 1074 4283 Maronem
1100 4219 1134 4283 in
1159 4233 1262 4296 sexto,

313 4315 466 4382 Volantes
494 4340 553 4401 pro
581 4317 802 4403 gradientibus
835 4317 993 4385 columbae
1026 4319 1265 4386 describuntur.

316 4421 391 4483 Hoc
414 4417 530 4482 etenim
557 4419 598 4484 ad
621 4419 758 4484 hominis
780 4422 921 4505 pertinet
943 4419 1140 4500 felicitatem,
1163 4421 1189 4484 si
1213 4444 1266 4485 co·

360 4540 431 4586 von.
448 4539 498 4584 111.
787 4541 807 4586 a
