3575 5575
503 793 563 854 lts
767 807 904 853 rosnms
919 804 1198 851 snnnsnnnmssrs
1320 787 1404 868 [mn.
1421 807 1459 854 11.

502 959 532 1024 ei
546 959 725 1044 ignorantia
739 958 916 1043 suffragari,
940 979 1039 1042 quum
1054 956 1173 1021 nemini
1194 955 1288 1022 liccat
1310 956 1458 1040 ignorare

500 1073 690 1142 creaturam,
705 1083 778 1146 quae
796 1081 828 1123 se
848 1057 973 1143 appetit
995 1056 1130 1134 adorari,
1146 1055 1306 1120 infidelem
1330 1068 1363 1122 et
1385 1080 1458 1142 per·

502 1183 600 1228 versae
626 1162 799 1228 voluntatis
823 1181 899 1224 esse.
946 1158 1071 1223 Sciebat
1096 1157 1192 1222 etiam
1218 1156 1364 1223 illicitum
1389 1181 1458 1223 esse

501 1263 616 1328 ariolos
639 1277 671 1329 et
695 1283 828 1348 magnos
852 1260 1024 1347 inquirere,
1037 1272 1069 1324 et
1094 1258 1134 1322 de
1159 1258 1278 1324 futuris
1299 1256 1457 1324 solicitare

501 1366 692 1452 Pythonem.
731 1363 825 1441 Quod
841 1362 865 1426 si
878 1384 951 1426 eum
963 1361 1143 1445 ignorantia
1156 1381 1300 1445 personae
1311 1374 1454 1438 excusat,

500 1467 636 1532 melioris
650 1465 842 1530 conditionis
865 1476 961 1527 erunt
977 1461 1068 1527 stulti
1083 1483 1180 1547 quam
1205 1461 1312 1546 periti,
1326 1474 1359 1526 et
1381 1485 1454 1548 per·

500 1569 581 1633 versi
596 1590 692 1655 quam
709 1565 798 1630 recti.
836 1566 881 1629 Et
897 1565 943 1629 ait
959 1563 1088 1626 Samuel
1104 1561 1184 1643 (non
1199 1562 1349 1648 equidem
1362 1586 1457 1629 verus

501 1669 556 1734 sed
572 1668 750 1742 umbratilis
765 1679 797 1731 et
821 1664 965 1742 fictitius,
980 1675 1013 1728 et
1035 1685 1102 1748 quo
1126 1661 1245 1748 dignus
1265 1677 1325 1740 est,
1339 1664 1458 1749 impius

500 1783 532 1836 et
548 1772 703 1857 reprobus
729 1769 942 1850 consultator)
960 1766 1047 1841 Quid
1074 1788 1125 1829 me
1151 1765 1337 1850 interrogas,
1352 1789 1453 1852 quum

501 1871 856 1937 Dominusrecesserita
869 1880 944 1934 teet
956 1866 1114 1932 transierit
1127 1868 1167 1931 ad
1175 1867 1325 1932 aemulum
1340 1871 1454 1932 tuum?

503 1972 730 2057 Responsionis
752 1969 891 2048 initium,
907 1969 981 2033 fidei
1004 1982 1250 2034 consentaneum
1274 1982 1334 2049 est,
1347 1981 1380 2034 et
1404 1990 1455 2031 ac-

501 2073 703 2138 commodum
733 2072 858 2137 rationi.
917 2070 1002 2148 Quid
1032 2070 1115 2134 enim
1141 2071 1283 2135 conferet
1311 2081 1457 2136 creatura

500 2173 559 2252 illi,
578 2195 676 2259 quem
702 2173 818 2237 deserit
842 2175 944 2247 Deus,
959 2182 992 2236 et
1014 2172 1067 2234 cni
1090 2170 1207 2258 deripit
1233 2171 1358 2256 spolia?
1390 2170 1454 2236 Sed

501 2274 614 2339 sensim
632 2273 671 2338 ad
688 2273 721 2339 id
746 2272 833 2358 quod
850 2295 943 2338 suum
968 2284 1026 2351 est,
1041 2271 1141 2337 hostis
1155 2286 1187 2337 et
1211 2272 1286 2337 fidei
1310 2271 1455 2336 inimicus

502 2372 644 2450 divertit,
659 2373 838 2437 immiscens
857 2372 937 2436 falsa
952 2372 1044 2452 veris,
1060 2384 1092 2436 et
1113 2373 1276 2436 mendacia
1295 2372 1359 2437 fide
1374 2375 1455 2436 veri-

502 2473 577 2541 tatis
603 2473 803 2538 obnubilans.
849 2473 1004 2557 Sequitur
1030 2473 1133 2538 enim:
1165 2473 1275 2538 Faciet
1302 2473 1360 2538 tibi
1387 2475 1455 2535 Do·

501 2578 606 2642 minus
616 2575 697 2640 sicut
713 2573 867 2661 loquutus
882 2589 928 2639 est
944 2578 977 2639 in
994 2597 1089 2639 manu
1105 2598 1186 2650 mea,
1202 2584 1235 2638 et
1249 2574 1370 2639 scindet
1386 2596 1457 2657 reg·

500 2701 577 2744 num
593 2690 686 2746 tuum
703 2678 743 2742 de
759 2700 855 2741 manu
871 2688 939 2756 tua,
953 2690 986 2742 et
1009 2676 1100 2741 dabit
1119 2676 1202 2740 illud
1225 2675 1372 2763 proximo
1396 2688 1454 2740 tuo

500 2781 619 2858 David,
636 2784 711 2868 quia
737 2803 798 2845 non
825 2777 962 2844 obedisti
978 2778 1047 2841 voci
1072 2776 1213 2859 Domini,
1227 2800 1331 2863 neque
1351 2777 1455 2843 fecisti

500 2883 577 2947 iram
601 2883 718 2948 furoris
733 2884 803 2968 ejus
824 2882 857 2945 in
881 2880 1046 2945 Amelech.
1085 2879 1210 2943 Idcirco
1225 2881 1313 2966 quod
1328 2879 1456 2966 pateris,
1520 2942 1526 2953 ,

500 2984 575 3049 fecit
601 2985 660 3048 tibi
687 2983 843 3050 Dominus
873 2983 981 3060 hodie,
1009 3000 1043 3045 et
1065 2981 1155 3045 dabit
1179 2982 1339 3047 Dominus
1359 2984 1454 3048 etiam

500 3101 607 3152 tecum
626 3088 725 3151 Israel
738 3087 770 3150 in
786 3108 883 3150 manu
896 3085 1149 3150 Philistinorum.
1194 3086 1274 3149 Cras
1289 3098 1396 3149 autem
1415 3097 1452 3150 tu

501 3201 533 3252 et
548 3188 605 3252 filii
622 3187 670 3253 tui
685 3210 809 3251 mecum
823 3186 922 3251 eritis.
969 3185 1031 3249 Sed
1049 3199 1081 3250 et
1105 3196 1209 3250 castra
1225 3172 1324 3250 Israel
1349 3186 1454 3253 tradet

502 3290 661 3352 Dominus
676 3292 707 3353 in
717 3310 846 3352 manum
858 3285 1040 3352 Philistiim.
1073 3286 1209 3351 Exitum
1225 3286 1355 3372 quidem
1367 3288 1454 3365 belli,

501 3386 638 3452 fideliter
651 3388 787 3452 infidelis
802 3388 961 3473 exposuit,
973 3388 1027 3452 sed
1044 3400 1150 3452 tamen
1166 3388 1334 3453 verborum
1353 3389 1456 3455 tendi-

502 3488 583 3554 culis
612 3488 771 3552 infidelem
803 3503 835 3554 et
869 3488 1027 3553 infelicem
1061 3489 1198 3553 animam
1232 3488 1456 3557 fraudulenter

502 3590 638 3677 decepit.
683 3589 848 3655 Deviantis
875 3590 1032 3676 siquidem
1059 3592 1227 3656 confirmat
1251 3613 1399 3667 errorem,
1422 3603 1455 3657 et

501 3692 727 3781 impoenitenti,
737 3706 810 3777 post
821 3692 955 3766 exitum,
968 3693 1109 3777 quietem
1123 3694 1323 3779 repromittit.
1346 3694 1455 3769 Quum

503 3795 585 3859 enim
602 3795 679 3859 dicit
689 3794 862 3859 Dominum
874 3793 1082 3880 impleturum
1099 3819 1175 3882 quoe
1190 3796 1343 3881 loquutus
1357 3807 1405 3859 est
1419 3796 1453 3859 in

503 3918 600 3959 manu
626 3919 707 3973 mea,
733 3918 766 3961 se
792 3895 1006 3983 proculdubio
1032 3896 1159 3960 simulat
1186 3895 1374 3971 Samuelem,
1396 3918 1455 3981 per

505 4018 598 4079 quem
616 3998 715 4073 Sauli,
739 4022 812 4083 quae
833 3997 1016 4076 denunciet,
1037 3996 1192 4083 loquutus
1207 4009 1259 4060 eat
1283 3999 1452 4062 Dominus.

505 4098 614 4169 Quum
637 4110 743 4161 autem
767 4097 953 4184 subjungit:
978 4100 1056 4163 Cras
1078 4108 1115 4161 tu
1138 4110 1170 4161 et
1192 4096 1250 4160 filii
1266 4097 1314 4161 tui
1330 4119 1455 4164 mecum

504 4197 604 4274 eritis,
640 4220 750 4261 verum
785 4199 914 4283 quidem
951 4198 1005 4262 sed
1041 4197 1262 4263 fraudulenter
1296 4200 1456 4267 enunciat.

504 4300 586 4365 Erat
614 4296 697 4363 enim
728 4294 780 4363 die
807 4298 951 4384 sequenti
988 4296 1047 4361 sibi
1077 4321 1207 4364 manum
1236 4322 1276 4364 ex
1311 4300 1459 4387 despera-

502 4401 588 4471 tione
625 4400 778 4491 injiciens,
812 4400 852 4467 ad
891 4400 1008 4466 inferos
1045 4402 1251 4481 transiturus,
1286 4402 1456 4469 habiturus
