3575 5575
345 812 420 858 cae.
436 795 527 874 vnn]
703 812 956 860 rorrcanmcus.
1238 802 1301 860 24⁷

342 962 493 1027 Alterum
515 984 653 1046 namque
670 964 818 1050 justitiae,
836 965 971 1028 alterum
991 963 1121 1050 pietatis
1142 977 1201 1042 est,
1220 985 1296 1050 quae

340 1063 420 1128 adeo
441 1064 576 1150 principi
598 1065 783 1130 necessaria
806 1078 893 1143 sunt,
908 1079 946 1128 ut
969 1064 1113 1150 quisquis
1135 1064 1201 1128 siue
1222 1063 1295 1143 illis,

339 1187 401 1228 uon
425 1166 522 1230 modo
544 1165 771 1251 principatum,
795 1166 851 1232 sed
873 1165 1050 1251 quemlihet
1074 1165 1295 1250 magistratum

284 1332 286 1335 .
342 1266 502 1345 vendicet,
517 1267 639 1331 frustra
659 1290 693 1332 se
712 1270 817 1353 ipsum
837 1267 980 1342 irrideat,
997 1267 1051 1331 sed
1067 1278 1098 1331 et
1114 1267 1247 1330 aliorum
1264 1267 1297 1330 in

337 1392 370 1432 se
393 1382 558 1454 provocet·
573 1370 685 1447 risum,
712 1382 920 1449 contemtum,
946 1382 978 1433 et
1004 1369 1122 1434 odium.
1168 1369 1295 1434 Miseri-

337 1470 456 1547 cordia,
477 1470 597 1556 inquit,
619 1484 652 1534 et
673 1472 790 1535 veritas
811 1493 873 1534 uon
898 1483 930 1534 te
951 1471 1110 1546 deserant,
1132 1470 1294 1535 circumda

338 1595 391 1635 eas
405 1575 531 1656 gutturi
546 1561 616 1650 tuo,
629 1584 662 1635 et
682 1572 783 1636 scribe
803 1595 856 1636 eas
869 1572 903 1634 in
920 1571 1037 1636 tabulis
1058 1571 1162 1635 cordis
1183 1572 1244 1648 tui,
1260 1587 1292 1636 et

340 1673 484 1737 iuvenies
498 1670 647 1758 gratiam,
660 1685 693 1738 et
706 1671 906 1759 disciplinam
922 1672 1037 1736 honam
1053 1695 1158 1736 coram
1175 1675 1246 1736 Deo
1261 1686 1292 1737 et

339 1765 534 1838 hominibus.
589 1774 705 1839 Gratia
729 1794 868 1860 namque
893 1774 1030 1838 debetur
1058 1772 1293 1852 misericordia,

333 1875 470 1959 justitiae
485 1874 661 1961 disciplina.
707 1877 832 1960 Utique
846 1876 951 1961 gratia
972 1888 1005 1940 et
1026 1897 1115 1939 amor
1136 1875 1294 1960 subjecto·

338 1998 421 2053 rum,
437 1999 534 2061 quam
557 1975 667 2041 divina
689 1976 836 2061 producit
858 1977 974 2060 gratia,
997 1975 1153 2062 optimum
1175 1977 1292 2040 instru-

339 2089 480 2141 mentum
500 2089 548 2141 est
567 2079 706 2141 omnium
727 2076 951 2162 gerendorum.
998 2077 1060 2140 Sed
1075 2090 1106 2142 et
1122 2100 1211 2141 amor
1226 2077 1292 2141 sine
1397 2129 1402 2149 .

338 2177 505 2264 disciplina
518 2201 580 2241 non
597 2178 733 2264 proficit,
748 2179 826 2264 quia
845 2194 985 2243 cessante
1000 2179 1137 2264 justitiae
1153 2179 1292 2260 stimulo,

336 2280 478 2366 populus
493 2305 527 2346 se
540 2281 573 2344 in
589 2280 700 2346 illicita
711 2263 851 2345 resolvit.
889 2281 1070 2346 Meditatur
1082 2305 1158 2368 ergo
1168 2282 1292 2368 jugiter

337 2381 533 2467 sapientiam,
547 2395 579 2446 et
600 2381 641 2446 de
655 2405 693 2446 ea
713 2383 758 2446 sic
775 2381 936 2467 justitiam
958 2395 1121 2468 operatur,
1136 2383 1224 2469 quod
1240 2383 1291 2446 lex

336 2484 510 2548 clementiae
533 2507 656 2569 semper
675 2497 722 2548 est
743 2483 775 2547 in
795 2483 905 2569 lingua
926 2484 1014 2570 ejus:
1043 2496 1075 2548 et
1095 2485 1139 2548 sic
1157 2483 1292 2548 clemen-

334 2584 411 2650 tiam
431 2599 588 2670 temperat
608 2587 695 2670 rigor
712 2585 860 2671 justitias,
876 2585 962 2670 quod
984 2585 1094 2670 lingua
1114 2586 1183 2671 ejus
1200 2585 1290 2671 judi·

334 2686 418 2750 cium
434 2685 588 2770 loquitur.
634 2685 746 2749 Officio
761 2707 900 2768 namque
914 2685 985 2768 ejus
1000 2685 1129 2768 justitia
1148 2686 1180 2747 in
1198 2685 1287 2770 judi·

337 2785 419 2849 cium
441 2785 591 2860 vertitur,
614 2808 651 2849 ea
671 2783 803 2870 quidem
828 2787 1023 2858 necessitate,
1040 2796 1077 2847 ut
1092 2807 1205 2849 vacare
1225 2806 1290 2850 non

337 2886 440 2964 liceat,
465 2885 545 2972 quin
576 2885 716 2970 seipsum
746 2883 805 2947 sibi
833 2883 948 2949 collato
976 2884 1129 2949 destituat
1159 2884 1289 2951 honore.

336 2988 450 3051 Houor
461 2986 576 3051 etenim
592 2986 676 3071 regis
685 2984 844 3070 judicium
862 2984 978 3069 diligit,
989 3000 1020 3048 et
1033 2982 1287 3070 delinquentium

334 3087 445 3175 culpas
460 3088 634 3174 tranquilla
648 3087 762 3151 mentis
781 3088 997 3152 moderatione
1011 3086 1191 3171 compescit.
1236 3088 1288 3152 De

333 3191 579 3277 magistratuum
606 3190 822 3259 moderatione
848 3189 967 3253 librum
996 3188 1099 3253 fertur
1127 3188 1286 3275 scripsisse

333 3292 537 3371 Plutarchus,
556 3293 614 3380 qui
636 3292 819 3357 inscribitur
837 3291 1149 3377 Archigrammatou,
1171 3304 1203 3355 et
1223 3314 1288 3355 ma·

332 3394 501 3479 gistratum
518 3418 583 3460 suae
599 3395 697 3474 urbis,
709 3395 750 3458 ad
762 3393 948 3479 patientiam
963 3404 996 3457 et
1004 3391 1141 3479 justitiae
1152 3391 1289 3473 cultum,

333 3497 438 3560 verbis
461 3495 636 3560 instituisse
667 3496 786 3561 dicitur
811 3507 843 3559 et
871 3494 1035 3580 exemplis.
1086 3496 1151 3561 Hic
1180 3508 1287 3560 autem

334 3618 459 3658 servum
485 3597 636 3675 habehat,
657 3598 815 3660 hominem
841 3619 980 3683 nequam
1003 3612 1035 3661 et
1057 3612 1286 3672 contumacem,

334 3708 366 3760 et
387 3694 573 3759 liberalibus
595 3696 769 3781 disciplinis
794 3697 957 3763 eruditum
984 3698 1122 3780 egregie,
1145 3710 1177 3760 et
1199 3718 1288 3758 exer-

245 3823 251 3840 ·
333 3797 465 3864 citatum
481 3796 557 3860 satis
576 3796 608 3860 in
630 3795 901 3882 disputationibus
921 3796 1158 3883 philosophicis.
1204 3799 1287 3861 Con-

334 3900 408 3984 tigit
429 3912 464 3965 ut
484 3899 527 3963 ob
548 3897 769 3982 nescioquam
791 3919 919 3974 noxam,
936 3896 967 3961 ei
987 3900 1125 3961 tunicam
1149 3896 1285 3973 detrahi,

331 4002 477 4087 caedique
487 4002 617 4088 juberet
635 3999 838 4064 Plutarchus.
869 4000 958 4063 Loro
971 4010 1110 4083 coeperat
1127 3999 1285 4063 verberari

332 4100 525 4178 duriuscule,
539 4123 643 4187 quum
666 4113 770 4165 tamen
792 4099 988 4165 inficiaretur
1011 4100 1149 4187 culpam,
1164 4101 1281 4177 dicens,

333 4222 366 4263 se
385 4199 465 4263 nihil
484 4200 584 4286 egisse
606 4200 693 4277 mali,
709 4200 787 4264 nihil
811 4199 936 4263 sceleris
957 4199 1130 4279 admisisse,
1145 4216 1177 4266 et
1193 4202 1279 4266 oblo-

333 4301 492 4386 quebatur
507 4325 539 4366 se
553 4302 664 4367 multis
678 4301 871 4367 demeruisse
885 4302 1047 4387 obsequiis
1059 4315 1095 4367 ut
1106 4304 1283 4389 vapularet.

333 4406 498 4471 Postremo
523 4426 624 4488 quum
646 4427 708 4469 non
732 4404 911 4491 proficeret,
936 4403 1099 4469 vociferari
1120 4407 1229 4491 caepit,
1253 4420 1284 4471 et
