3575 5575
677 822 814 867 cAP.
848 807 972 881 v1.]
1369 822 1888 868 PoLYcRATmUs.
2470 811 2597 869 2:37

681 987 774 1037 est
827 975 1152 1058 PrincepS,
1202 973 1495 1037 exclusus
1554 975 1635 1038 ab
1687 974 1972 1050 ecclesia,
2028 988 2090 1037 et
2146 975 2580 1059 poenitentiam

681 1089 936 1138 coactus
966 1086 1058 1138 est
1091 1073 1346 1160 explere
1382 1074 1722 1138 solennem.
1817 1075 1942 1138 Sed
1990 1075 2147 1160 quid
2195 1099 2339 1139 eum
2391 1090 2586 1141 tantae

681 1177 1039 1240 necessitati
1112 1176 1516 1262 subjecerat?
1610 1175 1928 1242 Voluntas
2002 1177 2224 1263 utique
2304 1179 2591 1265 subjecta

668 1277 943 1362 justitiae
959 1277 1105 1354 Dei,
1118 1291 1179 1342 et
1202 1278 1327 1362 legi
1343 1279 1481 1364 ejus
1507 1300 1970 1364 usquequaque
1989 1279 2450 1366 obtemperans.
2501 1284 2592 1345 Et

679 1381 801 1443 nisi
835 1403 983 1464 quae
1016 1380 1278 1442 metrica
1303 1380 1565 1443 levitate
1596 1379 2272 1456 scribuntur,⁴duxeris
2301 1382 2594 1446 habenda

683 1481 1056 1555 contemtui,
1110 1503 1188 1542 ex
1243 1479 1342 1542 his
1395 1480 1635 1565 quibus
1692 1481 1896 1544 filium
1952 1481 2209 1545 instruit
2263 1483 2436 1567 apud
2495 1483 2593 1547 cl.

687 1581 1140 1658 Claudianum,
1188 1583 1334 1667 quis
1378 1581 1517 1666 ipse
1564 1582 1626 1644 in
1674 1583 1946 1645 sacrario
1993 1605 2240 1645 morum
2287 1583 2590 1656 extiterit,

684 1663 1253 1770 moes.
1305 1685 1605 1746 Ceterum
1632 1706 1834 1769 quum
1859 1683 2203 1769 praemissae
2227 1684 2382 1769 legis
2405 1686 2596 1749 verba

684 1787 963 1862 revolvo,
990 1787 1235 1870 singula
1263 1786 1419 1849 mihi
1448 1786 1746 1850 videntur
1776 1801 2029 1862 onusta,
2055 1800 2118 1851 et
2150 1789 2329 1872 quasi
2359 1785 2588 1873 spiritu

683 1889 1122 1974 intelligentiae
1172 1889 1539 1954 faecundata
1590 1891 1785 1952 menti
1847 1886 2210 1955 occurrunt.
2303 1893 2591 1955 Habebit

620 2020 623 2023 ·
687 2015 860 2076 ergo,
891 1994 1127 2077 inquit,
1160 2015 1374 2055 secum
1419 1991 1648 2076 legem,
1696 1991 2037 2077 providens
2084 2016 2160 2055 ne
2205 1993 2284 2056 ad
2333 1992 2592 2057 damna·

684 2093 914 2157 tionem
971 2116 1174 2168 suam,
1206 2116 1409 2178 quum
1465 2115 1600 2155 eam
1657 2091 1890 2155 habere
1945 2115 2190 2156 necesse
2223 2094 2327 2172 sit,
2360 2094 2590 2159 habeat

686 2208 905 2259 contra
936 2218 1020 2259 se.
1110 2198 1409 2259 Potentes
1451 2195 1687 2258 etenim
1731 2207 2025 2279 potenter
2071 2210 2388 2260 tormenta
2431 2191 2595 2283 pati-

685 2310 889 2362 entur.
990 2296 1071 2361 Et
1097 2285 1369 2380 adj'ecit3
1420 2296 1716 2382 legetque
1746 2297 1929 2362 illud.
2008 2300 2238 2382 Legem
2275 2299 2591 2384 siquidem

687 2401 917 2463 habere
948 2400 1009 2463 in
1044 2399 1318 2462 mantica
1346 2421 1573 2485 parum
1616 2399 1901 2484 prode-st,
1933 2398 2053 2461 nisi
2081 2399 2354 2464 fideliter
2384 2415 2593 2466 custo-

685 2501 902 2566 diatur
932 2503 994 2566 in
1028 2501 1256 2565 anima.
1347 2501 1649 2585 Legenda
1690 2514 1784 2564 est
1831 2522 1985 2584 ergo
2028 2502 2323 2565 omuibus
2367 2503 2595 2567 diebus

685 2605 833 2669 vitae
876 2628 1026 2668 suae.
1120 2607 1224 2667 Ex
1271 2603 1510 2687 quibus
1554 2603 1802 2688 liquido
1847 2617 2115 2680 constat,
2146 2627 2339 2688 quam
2388 2628 2595 2668 neces-

688 2705 849 2768 saria
909 2706 990 2768 sit
1055 2704 1459 2789 Principibus
1520 2704 1749 2789 peritia
1808 2702 2162 2778 literarum,
2217 2705 2330 2790 qui
2392 2704 2595 2791 legem

690 2807 951 2870 Domini
1013 2805 1302 2890 quotidie
1361 2808 1684 2867 revolvere
1744 2804 2011 2868 lectione
2063 2806 2393 2889 jubentur.
2511 2806 2597 2872 Et

685 2908 851 2972 forte
875 2907 1048 2993 quod
1078 2907 1432 2970 sacerdotes
1457 2906 1658 2991 legem
1685 2905 1974 2991 quotidie
1996 2909 2206 2991 legere
2219 2907 2594 2991 jubeantur,

688 3031 812 3072 non
872 3010 1240 3092 frequenter
1298 3007 1597 3070 invenies.
1718 3006 2234 3091 Princeps‚vero
2301 3008 2595 3092 quotidie

688 3110 866 3195 legit,
921 3123 984 3174 et
1033 3108 1274 3173 cunctis
1326 3109 1553 3173 diebus
1609 3108 1777 3171 vitae.
1891 3106 2062 3181 Qui-2
2121 3131 2250 3194 qua
2309 3109 2410 3171 die
2473 3133 2593 3173 non

687 3212 915 3295 legerit,
945 3211 1169 3295 legem,
1203 3213 1255 3274 ei
1291 3234 1415 3274 non
1450 3211 1585 3274 dies
1614 3212 1787 3285 vitae,
1823 3208 1932 3273 sed
1978 3211 2201 3273 mortis
2239 3223 2355 3274 est.
2451 3205 2596 3275 Hoc

686 3314 908 3399 utique
954 3312 1085 3375 sine
1128 3311 1507 3377 difficultate
1552 3311 1892 3376 illiteratus
1936 3333 2063 3375 non
2105 3312 2312 3377 faciet.
2404 3314 2598 3377 Unde

688 3429 750 3479 et
782 3415 843 3477 in
878 3415 1099 3489 literis,
1131 3437 1290 3500 quas
1323 3437 1532 3499 regem
1591 3415 2026 3478 Romanorum
2079 3413 2161 3477 ad
2203 3408 2594 3479 Francorum

688 3536 899 3595 regem
932 3515 1353 3576 transmisisse
1387 3514 1613 3590 recole,
1646 3515 1882 3599 quibus
1913 3515 2293 3579 hortabatur
2337 3529 2412 3579 ut
2442 3511 2599 3579 libe-

690 3634 793 3672 ros
824 3633 970 3673 suos
1002 3610 1367 3674 liberalibus
1398 3609 1746 3697 disciplinis
1775 3614 2025 3677 institui
2058 3629 2450 3699 procuraret,
2473 3616 2594 3678 hoc

689 3714 855 3774 inter
885 3724 1115 3774 caetera
1146 3709 1467 3793 eleganter
1496 3714 1754 3797 adjecit,
1787 3714 1943 3799 quia
1993 3738 2104 3777 rex
2135 3715 2472 3778 illiteratus
2502 3732 2597 3778 est

690 3814 875 3900 quasi
924 3812 1139 3875 asinus
1176 3825 1531 3875 coronatus
1624 3814 1692 3877 Si
1744 3828 1953 3876 tamen
2006 3837 2083 3876 ex
2135 3814 2597 3898 dispensatione

690 3916 772 3978 ob
832 3913 1109 3998 egregiae
1164 3910 1420 3975 virtutis
1484 3912 1806 3987 meritum,
1860 3912 2212 3999 principem
2272 3914 2594 4000 contingat

692 4038 824 4079 esse
876 4014 1273 4087 illiteratum,
1330 4012 1601 4076 eundem
1657 4014 1762 4097 agi
1815 4013 2244 4078 litteratorum
2301 4017 2597 4090 consiliisi,

697 4129 767 4180 ut
799 4117 855 4179 ei
885 4138 985 4179 res
1026 4129 1199 4180 recte
1249 4116 1574 4202 procedat,
1603 4139 1852 4180 necesse
1881 4129 1995 4179 est.
2089 4109 2400 4181 Assistant
2449 4142 2597 4203 ergo

698 4218 753 4279 ei
808 4218 1063 4282 Nathan
1118 4219 1456 4304 propheta,
1503 4230 1570 4281 et
1620 4217 1869 4282 Sadoch
1920 4220 2232 4294 sacerdOS,
2278 4233 2341 4283 et
2385 4220 2601 4284 fideles

698 4317 812 4381 filii
875 4320 1355 4406 prophetarum,
1411 4324 1526 4405 qui
1584 4344 1725 4385 eum
1783 4344 1822 4382 a
1883 4319 2019 4405 lege
2080 4321 2339 4385 Domini
2399 4321 2601 4384 diver-

699 4435 831 4484 tere
881 4442 1005 4483 non
1060 4422 1408 4506 patiantur,
1461 4436 1523 4485 et
1578 4445 1767 4507 quam
1821 4416 1958 4507 ipse
2010 4422 2209 4485 oculis
2269 4436 2331 4484 et
2392 4423 2597 4486 animo
