3575 5575
331 851 403 896 car.
420 835 481 917 vc]
684 853 938 902 eocrcusrrcus.
1222 839 1285 900 2⁷9

333 1012 426 1066 terrae
447 1003 539 1088 cujus
561 1024 618 1066 rex
639 1024 720 1088 puer
742 1016 801 1083 est,
823 1018 856 1070 et
879 1006 974 1092 cujus
998 1002 1166 1069 consiliarii
1191 1025 1282 1068 mane
1355 981 1358 988 .

331 1102 512 1167 comeduut.
550 1103 651 1167 Beata
661 1113 748 1169 terra
761 1105 855 1190 cujus
868 1127 925 1168 rex
942 1103 1056 1168 nobilis
1070 1115 1129 1181 est,
1141 1115 1173 1168 et
1188 1103 1283 1191 cujus

332 1203 491 1290 principes
506 1216 679 1270 vescuntur
700 1216 842 1292 tempore
857 1229 927 1286 suo,
941 1206 992 1270 ad.
1002 1205 1206 1270 refectionem
1221 1225 1284 1268 nou

332 1303 374 1368 ad
399 1304 572 1370 luxuriam.
624 1306 677 1371 lbi
702 1311 786 1372 enim
810 1307 965 1394 sapientia
989 1329 1055 1372 esse
1079 1329 1143 1370 non
1168 1318 1283 1393 potest.

334 1405 422 1470 Hinc
441 1419 569 1472 sanctus
591 1408 676 1472 Job:
715 1410 880 1495 Sapientia
899 1409 955 1474 ubi
974 1409 1148 1485 invenitur,
1164 1420 1195 1472 et
1211 1407 1285 1492 quis

334 1518 382 1570 est
403 1508 491 1572 locus
511 1508 758 1594 intelligentias?
795 1509 905 1574 Nescit
928 1511 1022 1574 homo
1044 1510 1182 1595 pretium
1205 1509 1287 1594 ejus,

335 1631 393 1672 nec
421 1611 583 1676 iuvenitur
610 1612 645 1675 in
680 1625 766 1677 terra
794 1616 935 1678 suaviter
969 1611 1152 1677 viventium.
1211 1613 1286 1675 Non

335 1711 518 1796 aequabitur
537 1712 566 1776 ei
587 1712 762 1778 labentium
782 1713 965 1800 quicquam,
979 1712 1120 1779 trahitur
1137 1715 1221 1777 enim
1240 1733 1288 1774 sa-

336 1811 457 1896 pientia
471 1812 511 1876 de
526 1813 669 1878 occultis.
714 1815 827 1899 Longe
842 1815 953 1879 utilius
963 1816 1097 1902 juvenes
1112 1813 1289 1900 repulisset,

336 1913 540 1998 acquiescens
553 1915 683 1980 consilio
694 1915 862 1991 seniorum,
874 1918 973 1980 vitam
989 1915 1076 1979 beati
1087 1915 1154 1979 Job
1168 1913 1289 1978 babens

337 2015 492 2101 regnandi
513 2017 658 2080 sormam.
703 2018 795 2082 Audi
818 2039 896 2102 ergo
917 2017 995 2103 quid
1020 2015 1061 2081 de
1083 2038 1117 2080 se
1138 2015 1289 2080 fateatur.

339 2117 476 2192 Quando
496 2117 642 2182 lavabam
665 2118 762 2203 pedes
785 2139 873 2182 meos
893 2118 1025 2205 butyro,
1046 2128 1079 2181 et
1101 2128 1192 2202 petra
1217 2116 1291 2179 fun-

336 2217 434 2283 debat
449 2219 529 2283 mihi
550 2219 635 2284 rivos
653 2219 724 2286 olei.
770 2220 908 2296 Quando
927 2220 1137 2306 procedebam
1156 2218 1196 2283 ad
1217 2241 1291 2306 por-

336 2333 402 2385 tam
417 2320 566 2398 civitatis,
584 2335 617 2387 et
639 2322 672 2386 in
691 2322 798 2409 platea
815 2323 1001 2388 cathedram
1022 2322 1178 2410 parabant
1200 2320 1290 2384 mihi.

338 2417 501 2489 Videbunt
516 2446 567 2488 me
582 2426 718 2511 juvenes
737 2438 769 2489 et
790 2423 1074 2500 abscondebantur,
1090 2434 1123 2487 ct
1141 2445 1229 2487 senes
1243 2445 1291 2487 as-

339 2537 506 2610 surgentes
521 2525 658 2591 stabant.
697 2524 861 2611 Principes
874 2525 1040 2590 cessabant
1054 2521 1154 2609 loqui,
1170 2533 1202 2587 et
1217 2545 1292 2609 sup-

338 2626 500 2710 ponebant
515 2625 652 2710 digitum
673 2625 721 2689 ori
738 2647 807 2690 suo.
851 2626 969 2689 Vocem
991 2647 1080 2688 suam
1100 2623 1291 2688 cohibebant

339 2724 445 2801 duces,
461 2737 493 2789 et
508 2727 619 2813 lingua
638 2747 748 2791 eorum
772 2726 899 2813 gutturi
914 2748 972 2791 suo
987 2724 1180 2791 adhaerebat.
1225 2728 1291 2790 Au-

339 2824 384 2887 ris
397 2824 529 2890 audieus
542 2826 746 2893 beatificabat
761 2848 822 2905 me,
837 2839 870 2892 et
884 2826 995 2891 oculus
1015 2824 1137 2905 videns,
1150 2824 1292 2895 testimo·

340 2929 430 2991 nium
452 2926 607 2993 reddebat
628 2927 718 3006 mihi,
740 2952 779 2992 eo
799 2930 888 3015 quod
914 2928 1094 2993 liberassem
1120 2948 1292 3013 pauperem

341 3027 579 3105 vociferantem,
594 3042 627 3095 et
647 3030 807 3117 pupillum
823 3032 877 3096 cui
891 3052 954 3096 non
970 3042 1039 3095 erat
1053 3029 1192 3115 adjutor.
1230 3028 1292 3093 Be-

342 3128 481 3194 nedictio
504 3130 639 3215 perituri
665 3154 761 3217 super
786 3154 837 3195 me
862 3130 1021 3208 veniebat,
1049 3141 1081 3219 et
1106 3150 1160 3193 cor
1185 3127 1294 3192 vidum

342 3230 523 3296 consolatus
544 3255 625 3297 sum.
663 3234 686 3296 J
689 3233 798 3299 ustitia
818 3232 953 3299 indutus
973 3254 1054 3313 sum,
1069 3243 1102 3297 et
1116 3228 1231 3295 vestivi
1244 3252 1295 3293 me

342 3345 426 3398 arcut
440 3334 639 3416 vestimento,
653 3347 686 3400 et
706 3334 886 3400 diademate
903 3334 1028 3423 jndicio
1048 3354 1129 3399 meo.
1159 3331 1297 3403 ¹Oculus

342 3434 392 3498 fui
414 3458 507 3512 caeco,
529 3450 562 3503 et
583 3460 640 3524 pes
659 3437 784 3503 claudo.
829 3439 927 3503 Pater
948 3460 1034 3501 eram
1056 3454 1246 3523 pauperum,
1264 3445 1296 3498 et

343 3557 469 3600 causam
484 3560 580 3622 quam
596 3540 784 3617 nesciebam,
800 3539 1040 3625 diligentissime
1055 3536 1296 3621 investigabam.

344 3638 557 3703 Conterebam
588 3640 722 3704 molares
751 3641 866 3726 iniqui,
897 3652 929 3705 et
959 3643 999 3705 de
1027 3638 1181 3704 dentibus
1210 3636 1297 3699 illius

344 3737 528 3804 auferebam
553 3738 707 3824 praedam.
753 3742 990 3825 Dicebamque:
1030 3742 1070 3804 In
1092 3738 1205 3803 nidulo
1226 3758 1298 3801 mco

344 3842 473 3917 moriar,
489 3854 521 3905 et
537 3842 619 3906 sicut
633 3842 741 3928 palma
755 3843 973 3929 multiplicabo
988 3840 1065 3905 dies.
1103 3839 1213 3903 Radix
1229 3860 1298 3902 mea

344 3953 455 4028 aperta
476 3954 523 4006 est
546 3962 637 4006 secus
660 3962 769 4028 aquas,
784 3954 815 4007 et
836 3964 888 4007 ros
909 3940 1085 4007 morabitur
1097 3939 1131 4003 in
1147 3939 1299 4004 messione

343 4065 423 4109 mea.
469 4043 581 4108 Gloria
601 4066 672 4108 mea
686 4066 809 4130 semper
823 4043 1038 4119 innovabitur,
1054 4056 1086 4107 et
1101 4063 1193 4107 arcus
1207 4064 1298 4107 meus

344 4143 379 4207 in
393 4166 489 4210 manu
505 4169 577 4212 mea
594 4146 837 4212 instaurabitur.
883 4145 948 4224 Qui
964 4168 1014 4209 me
1029 4145 1215 4223 audiebant,
1231 4166 1300 4209 sen-

346 4245 479 4311 tentiam
493 4248 717 4334 expectabant,
732 4259 765 4311 et
779 4241 891 4312 intenti
910 4246 1056 4312 tacebaut
1071 4245 1111 4310 ad
1134 4244 1300 4309 consilium

346 4366 464 4413 meum.
510 4347 622 4413 Verbis
636 4349 716 4414 meis
737 4349 855 4414 addere
868 4348 948 4414 nihil
968 4348 1140 4424 audebant,
1156 4360 1189 4412 et
1204 4366 1302 4431 super

348 4446 419 4512 illos
434 4447 574 4514 stillabat
589 4449 749 4535 eloquium
763 4474 878 4517 meum.
918 4450 1141 4537 Expectabant
1158 4471 1207 4513 me
1222 4446 1303 4513 sicut
