3575 5575
352 830 421 876 cnr.
438 811 523 893 xxc]
730 827 982 877 consensimus.
1242 819 1303 880 109

349 980 508 1056 futurum,
520 981 579 1044 etsi
595 979 737 1066 plerique
752 1003 814 1045 uon
830 982 984 1067 recipiant
994 981 1085 1046 illum
1101 1006 1193 1068 posse
1207 985 1298 1062 scire,

349 1093 406 1145 aut
428 1104 490 1145 non
515 1105 604 1167 posse
627 1085 707 1146 scire
728 1085 789 1146 hoc
811 1106 878 1146 esse
899 1081 1058 1160 futurum,
1082 1107 1121 1148 ue
1143 1086 1171 1148 ei
1198 1099 1302 1151 muta-

351 1183 484 1248 bilitatis
498 1183 548 1246 vel
559 1185 753 1269 impotentiae
765 1197 871 1249 notam
887 1185 1015 1249 inurere
1031 1187 1205 1252 rideantur.
1237 1188 1300 1253 Sed

350 1300 418 1350 esto
433 1299 470 1350 ut
487 1289 587 1362 Deus,
604 1285 753 1371 quoniam
773 1287 833 1350 hoc
847 1287 993 1374 plerique
1008 1289 1177 1375 recipiunt,
1193 1289 1304 1374 possit,

352 1387 428 1450 dum
446 1401 551 1451 tamen
568 1387 593 1450 si
608 1387 676 1450 fieri
698 1401 802 1473 potest
822 1390 990 1473 positione,
1006 1403 1061 1454 aut
1081 1391 1302 1477 conjunctione

351 1510 414 1551 non
431 1510 551 1572 pecces,
567 1487 645 1551 scire
662 1488 748 1573 quod
763 1512 825 1552 non
847 1491 917 1564 scit,
933 1512 995 1553 non
1016 1492 1058 1556 ob
1073 1493 1132 1555 hoc
1147 1515 1218 1556 eum
1235 1516 1302 1556 esse

351 1589 537 1651 mutabilem
554 1590 627 1672 quis
645 1589 814 1666 convincit,
828 1590 922 1674 cujus
938 1590 1078 1652 scientioe
1094 1613 1154 1653 non
1176 1591 1301 1656 decedit

351 1688 472 1775 aliquid
488 1687 540 1753 vel
554 1689 686 1768 accedit,
701 1712 801 1775 quum
818 1689 897 1754 illud
907 1689 1008 1752 solum
1024 1692 1057 1752 in
1069 1712 1174 1753 rerum
1188 1704 1304 1757 natura

355 1812 465 1853 verum
487 1813 554 1854 esse
573 1794 748 1874 contingat,
765 1790 849 1876 quod
873 1790 927 1853 ille
947 1790 988 1854 ab
1008 1789 1098 1854 initio
1121 1791 1303 1858 stabilitatis

353 1915 419 1956 suae
444 1905 565 1978 puncto
594 1892 742 1977 praefixit.
797 1896 884 1956 Dum
914 1905 1019 1956 tamen
1049 1894 1109 1956 hoc
1137 1895 1301 1980 recipitur,

352 1995 548 2058 exactissima
570 1994 735 2078 diligentia
757 1995 1000 2079 praecavendum
1021 2009 1079 2074 est,
1096 2019 1135 2058 ne
1155 1998 1304 2082 cognatio

351 2097 517 2160 modorum
539 2097 628 2159 verbi
643 2119 737 2180 quam
763 2096 956 2179 Apollonius
976 2095 1113 2175 inducit,
1128 2099 1302 2183 quiequam

351 2196 494 2283 perfidiae
524 2197 648 2280 ingerat
673 2208 729 2259 aut
759 2195 917 2260 falsitatis.
966 2201 1049 2261 Haec
1076 2201 1146 2282 ipsa
1174 2221 1302 2285 quoque

351 2297 545 2384 possibilitas
571 2296 744 2378 eveniendi,
770 2320 832 2361 non
863 2297 986 2363 levitati
1016 2299 1127 2385 ipsius,
1153 2302 1211 2385 qui
1239 2324 1302 2365 non

353 2413 509 2475 movetur,
535 2399 589 2463 sed
615 2423 720 2464 rerum
744 2399 900 2476 facilitati,
924 2425 999 2486 quae
1024 2417 1140 2466 natura
1166 2426 1229 2468 non
1255 2404 1301 2467 iu-

352 2501 504 2586 dignante
533 2503 654 2564 moveri
677 2517 823 2587 possunt,
851 2504 1073 2568 convenienter
1099 2502 1301 2570 adscribitur.

352 2607 462 2666 Manet
482 2604 591 2688 itaque
611 2624 841 2688 usquequaque
863 2603 1033 2667 immobilis
1055 2607 1221 2690 integritas
1243 2606 1302 2669 sci·

353 2705 447 2768 entiae
462 2705 535 2784 Dei,
550 2718 581 2769 et
603 2705 628 2767 si
650 2704 727 2790 quid
750 2703 911 2766 varietatis
931 2702 1026 2766 alicui
1045 2706 1139 2780 inest,
1157 2728 1218 2768 non
1239 2719 1303 2770 tam

354 2806 479 2870 scientis
494 2829 590 2891 quam
614 2807 763 2870 scitorum
787 2805 984 2869 mutabilitas
1005 2818 1061 2869 est.
1108 2808 1199 2872 Licet
1220 2810 1303 2872 enim

353 2929 427 2991 quae
457 2905 586 2969 scientia
613 2905 674 2969 Dei
704 2906 939 2991 complectitur,
963 2906 1171 2971 mutabilitati
1198 2910 1305 2995 subja-

353 3020 454 3087 ceant,
476 3007 544 3091 ipsa
567 3020 671 3071 tamen
694 3006 889 3072 alterationis
912 3007 995 3071 vices
1020 3008 1159 3093 ignorat,
1180 3022 1212 3075 et
1239 3033 1303 3075 uno

353 3110 506 3195 singulari
523 3123 651 3195 aspectu
667 3124 698 3174 et
718 3108 897 3188 individuo,
912 3110 1053 3174 omnium
1070 3134 1143 3196 quae
1158 3112 1232 3185 diei,
1248 3127 1304 3178 aut

353 3234 545 3298 quoeunque
575 3234 668 3277 sensu
693 3210 867 3295 excogitari
894 3227 1040 3296 possunt,
1067 3212 1303 3278 universitatem

351 3314 485 3392 claudit,
506 3328 537 3379 et
560 3315 718 3379 continet:
750 3314 829 3377 adeo
850 3314 978 3399 quidem
1003 3313 1069 3377 sine
1090 3329 1177 3381 motu
1202 3334 1238 3381 ut
1262 3317 1306 3381 lo-

352 3417 431 3480 calia
454 3420 519 3481 sine
543 3416 623 3493 loco,
642 3417 802 3481 nascentia
825 3416 891 3479 sine
911 3415 1013 3496 initio,
1032 3417 1217 3483 decedentia
1239 3420 1305 3484 sine

351 3518 424 3593 line,
440 3516 628 3583 fluctuantia
645 3519 711 3583 sine
735 3518 934 3595 alteratione,
950 3519 1138 3602 temporalia
1153 3522 1219 3584 sine
1233 3544 1304 3585 mu·

354 3619 523 3694 tabilitate,
539 3632 571 3683 et
591 3641 688 3695 mora,
706 3620 748 3684 sic
773 3620 974 3683 uniformiter
993 3622 1246 3706 comprehendit,
1267 3637 1304 3687 ut

353 3719 382 3783 ei
411 3741 469 3784 nec
500 3720 665 3805 praeterita
694 3731 868 3795 transeant,
895 3742 953 3783 nec
983 3720 1095 3784 futura
1124 3722 1305 3787 succedant.

353 3821 422 3885 Nec
443 3819 557 3884 mirum
580 3820 640 3883 hoe
663 3819 694 3882 in
714 3820 902 3884 aeternitatis
923 3833 1023 3898 statu,
1039 3821 1098 3885 nisi
1121 3822 1197 3907 quia
1215 3824 1304 3908 quic·

352 3922 430 4008 quid
447 3922 492 3987 ibi
508 3936 566 3997 est,
583 3921 726 3985 mirabile
735 3933 793 4002 est,
804 3944 907 4007 quum
916 3935 948 3986 et
958 3922 990 3985 in
1001 3923 1093 3988 nobis
1104 3924 1305 3989 mutabilium

353 4016 475 4089 motum
491 4036 523 4088 et
538 4022 757 4087 festinantium
781 4044 909 4086 cursum
928 4022 1128 4109 aliquatenus
1142 4025 1306 4109 quiescens

353 4125 597 4211 comprehendat
633 4138 788 4209 aspectus.
851 4125 1038 4191 Intellectus
1072 4130 1202 4214 quoque
1238 4151 1305 4191 rem

353 4248 498 4309 maguam
528 4214 595 4291 siue
624 4226 826 4302 distensione,
854 4240 884 4292 et
917 4227 982 4292 sine
1011 4230 1226 4293 contractione
1255 4229 1305 4293 sui

353 4347 418 4388 rem
442 4316 596 4391 modicam
619 4328 864 4414 contemplatur,
886 4352 943 4392 nec
965 4328 1035 4393 loco
1056 4330 1178 4414 indiget
1201 4341 1239 4393 ut
1260 4334 1307 4393 lo-

354 4423 434 4489 calia
456 4425 596 4504 claudat,
619 4440 674 4492 aut
699 4428 872 4513 spatiorum
896 4428 1073 4494 interstitiis
1096 4443 1132 4493 ut
1155 4428 1306 4495 distantia
