3575 5575
727 804 862 849 scaurus
879 780 1157 847 sanssaamausrs
1295 782 1377 861 [ira.
1396 804 1418 845 r.

471 970 545 1019 sunt
574 952 765 1019 dubitabilia
793 955 942 1039 sapienti,
971 956 1013 1016 ab
1042 959 1151 1016 eorum
1180 952 1325 1031 vestigiis
1355 972 1419 1014 non

469 1057 595 1121 recede.
640 1054 734 1120 Licet
748 1057 835 1120 enim
851 1067 941 1120 secta
961 1057 1032 1118 baec
1047 1055 1195 1117 tenebras
1209 1055 1305 1116 rebus
1320 1054 1424 1115 omni·

469 1162 532 1222 bus
563 1157 705 1222 videatur
732 1158 895 1236 inducere,
925 1158 1013 1219 nulla
1043 1155 1165 1218 veritati
1197 1152 1422 1217 examinandae

471 1259 606 1335 fidelior,
621 1267 664 1337 et,
678 1269 807 1331 auctore
823 1258 991 1333 Cicerone,
1000 1256 1056 1339 qui
1071 1254 1112 1317 ad
1127 1274 1196 1317 eam
1211 1254 1243 1315 in
1258 1262 1423 1316 senectute

473 1360 610 1438 divertit,
624 1362 713 1423 nulla
734 1358 892 1442 profectui
914 1356 1098 1420 familiarior
1112 1364 1169 1417 est
1218 1354 1259 1417 lu
1280 1355 1332 1417 his
1346 1375 1424 1435 ergo

474 1483 546 1543 quae
569 1459 748 1523 incidenter
773 1460 813 1522 de
834 1458 1047 1543 providentia,
1068 1468 1101 1520 et
1125 1456 1203 1531 fato,
1226 1468 1259 1519 et
1279 1456 1425 1518 libertate

474 1562 604 1632 arbitrii,
633 1571 666 1624 et
695 1560 852 1623 similibus
883 1558 970 1622 dicta
999 1568 1084 1635 sunt,
1113 1578 1165 1619 me
1194 1556 1424 1650 Acgdemicnm

473 1664 580 1745 potius
605 1683 675 1726 esse
701 1663 839 1739 noveris,
863 1680 959 1743 quam
984 1680 1091 1721 eorum
1120 1679 1192 1739 quae
1216 1657 1314 1721 dubia
1339 1670 1424 1733 sunt,

473 1762 673 1827 temerarium
689 1769 887 1824 assertorem.
933 1759 1001 1823 Scri
1027 1769 1167 1822 turarum
1213 1780 1256 1823 uu
1279 1780 1320 1821 ue
1334 1759 1425 1821 testi-

475 1862 602 1936 moniis,
618 1861 660 1923 ad
680 1860 883 1923 commodum
898 1779 1308 1941 summatenus
1323 1880 1425 1943 quan·

476 1963 581 2046 doque
596 1982 672 2024 usus
688 1983 759 2025 sum
768 1983 778 2037 3
806 1961 852 2023 ita
873 1970 991 2036 tamen,
1005 1970 1041 2022 ut
1054 1959 1134 2022 nibil
1151 1958 1240 2036 fidei,
1254 1971 1310 2023 aut
1330 1960 1426 2022 bonis

477 2064 619 2126 moribus
635 2063 815 2126 inveniatur
837 2060 1025 2137 adversum3
1054 2082 1092 2124 ac
1116 2060 1143 2122 si
1165 2059 1339 2123 sententias
1362 2070 1427 2121 tam

477 2164 659 2239 modernas,
674 2185 769 2248 quam
783 2174 916 2235 veteres,
932 2162 1042 2225 eadem
1061 2160 1334 2225 incommutabilis
1349 2160 1429 2222 veri·

479 2278 528 2331 tas
543 2266 718 2348 genuisset.
762 2263 931 2349 Siquidem

876 2380 956 2433 facies
966 2399 1018 2434 non
1028 2382 1149 2435 omnibus
1158 2402 1219 2448 una,

585 2468 648 2521 Non
659 2468 758 2520 diversa
769 2472 866 2531 tamen,
879 2466 984 2536 qualem
995 2467 1071 2520 decet
1082 2484 1140 2520 esse
1149 2485 1272 2521 soromm.

525 2565 643 2629 Omnia
656 2585 728 2627 vero
751 2575 805 2627 tuo
820 2576 1020 2627 reservantur
1041 2564 1194 2640 examini,
1209 2573 1244 2626 ut
1257 2564 1318 2626 tibi
1333 2564 1434 2647 major

481 2680 512 2732 et
528 2668 644 2752 justior
660 2667 848 2750 corrigendi,
864 2689 961 2752 quam
975 2667 1056 2729 mibi
1071 2666 1234 2729 scribendi
1253 2666 1355 2747 gloria
1375 2666 1431 2729 de-

481 2772 601 2836 beatur.
649 2770 855 2855 lnaequalitas
885 2780 991 2834 autem
1022 2769 1230 2845 voluminum,
1261 2768 1355 2832 variis
1384 2779 1433 2832 est

481 2873 747 2955 occupationibus
766 2871 990 2948 adscribenda,
1006 2872 1125 2955 quibus
1146 2871 1180 2933 in
1203 2871 1291 2935 curia
1306 2871 1352 2936 sic
1368 2869 1434 2933 dis·

482 2983 602 3036 tractus
616 2993 698 3050 sum,
710 2982 747 3033 ut
761 2971 816 3032 rix
833 2971 956 3053 aliquid
978 2973 1115 3033 scribere
1139 2973 1331 3056 quandoque
1351 2973 1432 3034 licu-

482 3075 550 3138 erit.
596 3073 684 3134 Dum
709 3080 816 3134 tamen
842 3072 996 3134 Tolosam
1020 3072 1160 3153 cingitis,
1182 3075 1244 3134 ista
1269 3094 1435 3154 aggressus

485 3197 566 3253 sum,
588 3183 620 3237 et
641 3195 693 3236 mc
715 3173 887 3238 curialibus
909 3173 1004 3254 nugis
1028 3173 1194 3257 paulisper
1215 3173 1333 3250 ademi,
1354 3174 1435 3236 illud

483 3277 643 3342 volvens
635 3297 669 3339 rn
691 3274 809 3352 animo,
825 3277 902 3360 quia
920 3275 1119 3377 ΨΘ
1141 3275 1254 3338 litteris
1275 3287 1437 3354 moreest,

485 3390 518 3442 et
538 3379 601 3440 vivi
622 3377 763 3441 hominis
785 3381 956 3462 sepultura.
1003 3377 1036 3440 Si
1059 3367 1145 3462 qid'sn
1145 3366 1438 3459 fgffit'oi‘aictores

485 3500 559 3544 cum
483 3465 931 3543 banuvrocalumnratur
939 3479 1284 3558 autfictos,redrr1vum
1295 3481 1438 3544 Platonis

487 3580 670 3643 Afiicanum
709 3579 861 3643 Ciceroni
899 3579 1122 3657 somniantem,
1157 3595 1189 3642 et
1221 3580 1438 3663 Philosophus

488 3680 668 3744 Saturnalia
682 3692 878 3756 exercentes,
893 3691 1035 3754 accuset,
1050 3690 1106 3744 aut
1120 3692 1294 3757 auctorum,
1309 3681 1441 3744 nostris-

487 3804 550 3866 que
565 3782 725 3865 figmentis
740 3782 917 3864 indulgeat,
933 3784 959 3845 si
982 3784 1122 3865 publicae
1138 3784 1277 3847 serviunt
1298 3783 1439 3846 utilitati.

488 3885 645 3947 Praeterea
658 3885 771 3948 lectori
786 3895 819 3948 et
834 3885 971 3948 auditori
986 3896 1105 3969 quanta
1119 3905 1250 3967 possum
1269 3885 1439 3948 devotione

489 3984 649 4066 supplico,
669 3995 705 4047 ut
727 4006 778 4048 me
800 3986 884 4069 patri
907 3986 1193 4049 misericordiarum
1215 3985 1440 4049 commendare

490 4084 672 4164 dignentur,
686 4087 719 4150 in
736 4087 931 4149 orationibus
945 4087 1032 4159 suis3
1065 4097 1097 4149 et
1111 4087 1267 4149 erratibus
1282 4087 1371 4162 meis,
1387 4088 1441 4170 qui

490 4183 692 4266 multiplicati
718 4195 792 4248 sunt
818 4207 915 4268 super
939 4206 1118 4264 numerum,
1140 4185 1267 4248 veniam
1284 4184 1443 4249 studeant

489 4284 644 4348 obtinere.
690 4286 773 4350 Nam
799 4299 832 4351 et
860 4309 921 4368 ego
950 4308 1044 4371 spero
1072 4308 1124 4350 me
1153 4285 1345 4370 participem
1374 4307 1443 4349 esse

490 4385 632 4452 omnium
645 4388 822 4452 timentium
838 4389 1032 4453 Dominum:
1057 4400 1090 4453 et
1104 4388 1200 4453 corde
1215 4399 1247 4452 et
1258 4409 1338 4452 voce
1349 4388 1442 4452 sicis·
