3575 5575
498 789 561 850 262
770 799 909 846 roanms
924 797 1205 844 saansamuansrs
1321 781 1402 860 [cm.
1419 803 1453 846 v.

491 954 570 1037 jano
590 948 731 1015 Salutem
752 948 840 1014 dicit.
887 949 1080 1013 Modestiam
1102 961 1191 1013 tuam
1212 972 1361 1014 noveram
1385 973 1449 1015 non

496 1066 647 1140 appetere
672 1051 899 1137 principatum,
922 1073 1017 1137 quem
1045 1063 1151 1116 tamen
1177 1073 1301 1138 semper
1326 1075 1451 1118 morum

497 1155 653 1240 elegantia
677 1153 789 1217 mereri
814 1151 978 1218 studuisti.
1024 1153 1096 1229 Quo
1118 1152 1248 1238 quidem
1267 1165 1357 1218 tanto
1382 1153 1454 1239 dig-

496 1257 567 1320 nior
587 1254 756 1342 judicaris,
780 1266 903 1340 quanto
927 1276 947 1317 a
972 1252 1103 1318 crimine
1129 1253 1310 1318 ambitionis
1336 1254 1454 1321 videris

496 1380 566 1424 esse
591 1355 750 1422 remotior.
798 1355 884 1418 Tuae
907 1354 1017 1440 itaque
1040 1353 1153 1418 virtuti
1178 1356 1394 1440 congratulor,
1420 1368 1453 1421 et

496 1460 749 1530 fortunaemeae.
769 1456 796 1520 si
818 1468 925 1521 tamen
951 1467 1037 1530 recte
1059 1456 1205 1542 gesseris,
1228 1480 1324 1543 quem
1352 1459 1452 1544 probe

496 1561 652 1627 meruisti.
697 1558 853 1645 Alioquin
869 1569 901 1624 te
916 1557 1078 1644 periculis,
1093 1571 1126 1624 et
1141 1581 1192 1622 me
1214 1558 1451 1626 detrahentium

496 1663 615 1748 linguis
630 1660 811 1748 subjectum
834 1659 873 1724 iri
897 1681 960 1723 non
980 1658 1105 1738 dubito,
1120 1681 1221 1745 quum
1240 1672 1272 1724 et
1292 1647 1450 1748 ignaviam

498 1766 731 1849 Imperatorum
762 1765 867 1827 Roma
895 1782 959 1824 non
990 1760 1083 1838 ferat,
1107 1773 1140 1824 et
1171 1784 1274 1826 sermo
1302 1762 1450 1854 publicus

497 1865 614 1931 delicta
628 1863 860 1950 discipulorum
876 1862 1048 1928 refundere
1070 1862 1169 1929 soleat
1183 1865 1217 1927 in
1232 1876 1452 1950 praeceptores.

498 1965 550 2032 Sic
567 1966 684 2027 Seneca
701 1961 836 2027 Neronis
851 1961 900 2026 sui
922 1964 1036 2026 merito
1056 1961 1293 2028 detrahentium
1311 1962 1454 2050 carpitur

497 2065 626 2150 linguis,
647 2063 895 2129 adolescentium
921 2085 1052 2128 suorum
1077 2067 1238 2130 temeritas
1253 2065 1285 2129 in
1302 2065 1451 2142 Quintili-

496 2189 592 2234 anum
607 2164 800 2242 retunditur,
815 2178 848 2230 et
864 2166 1011 2230 Socrates
1025 2166 1057 2228 in
1075 2166 1233 2254 pupillum
1246 2190 1341 2233 suum
1353 2168 1449 2234 fuisse

497 2266 679 2332 clementior
708 2265 905 2331 criminatur.
951 2269 1002 2330 Tu
1030 2289 1105 2330 vero
1127 2267 1256 2354 quidvis
1278 2267 1451 2333 rectissime

496 2392 598 2455 geres,
614 2368 641 2432 si
656 2390 719 2433 uon
732 2366 899 2434 recesseris
914 2390 933 2430 a
949 2367 1075 2453 teipso.
1122 2369 1154 2433 Si
1170 2369 1309 2456 primum
1321 2381 1353 2433 te
1369 2391 1451 2433 com-

498 2473 652 2558 posueris,
663 2472 688 2534 si
702 2483 756 2534 tua
765 2469 872 2533 omnia
880 2467 1073 2553 disposueris
1082 2469 1121 2534 ad
1131 2469 1382 2549 virtutem,recte
1394 2469 1452 2534 tihi

498 2571 669 2658 procedent
686 2570 842 2634 universa.
887 2568 1031 2634 Politicae
1046 2570 1280 2636 constitutionis
1296 2572 1451 2657 majorum

497 2674 581 2738 vires
605 2672 665 2737 tibi
694 2671 845 2756 expressi,
869 2669 922 2734 cui
946 2669 975 2732 si
1004 2670 1214 2758 obtemperas,
1240 2672 1448 2738 Plutarchum

498 2775 625 2839 vivendi
634 2774 910 2839 habesauctorem.
928 2771 1450 2863 Alioquinpraesentemepistolam

497 2892 609 2943 testem
631 2878 755 2953 invoco,
779 2876 856 2962 quia
878 2872 910 2938 in
933 2875 1105 2960 perniciem
1127 2877 1250 2964 imperii
1265 2900 1327 2943 non
1343 2879 1450 2967 pergis

497 2988 628 3043 auctore
646 2975 828 3039 Plutarcho.

500 3230 1454 3317 Capt.QuidRespublicueecundumPlutarchum,etquid

551 3333 650 3395 chem
665 3336 786 3395 animur
800 3334 837 3394 in
853 3333 923 3415 ipsa
938 3335 1087 3413 obtineat,
1104 3341 1164 3397 aut
1177 3337 1391 3401 membrorum.

543 3462 899 3549 Saouuuruaejusdem
910 3464 1451 3553 politicaeconstitutioniscapitula,

498 3568 531 3631 iu
546 3564 655 3630 libello
671 3565 727 3650 qui
742 3563 939 3645 inscribitur,
956 3568 1123 3632 Institutio
1145 3568 1289 3653 Trajaui,
1305 3591 1379 3654 quoe
1394 3593 1453 3656 pro

442 3736 450 3749 ,
498 3680 587 3754 parte
603 3666 753 3751 prasenti
768 3664 923 3749 opusculo
939 3666 1048 3729 curavi
1064 3666 1212 3746 inserere,
1226 3668 1273 3734 ita
1288 3681 1403 3747 tamen,
1417 3686 1452 3735 ut

500 3766 729 3833 sententiarum
751 3764 885 3849 vestigia
907 3765 1015 3852 potius
1036 3766 1189 3843 imitarer,
1220 3790 1317 3855 quam
1343 3792 1454 3855 passus

499 3870 679 3933 verborum.
724 3871 786 3932 Est
808 3889 884 3951 ergo
906 3867 1046 3953 primum
1069 3871 1223 3950 omnium,
1252 3883 1288 3935 ut
1308 3872 1453 3957 princeps

498 3991 531 4031 se
543 3981 646 4032 totum
658 3968 818 4041 metiatur,
830 3979 862 4031 et
874 3968 961 4053 quod
975 3968 1006 4031 in
1017 3982 1086 4033 toto
1096 3992 1227 4055 corpore
1239 3971 1451 4056 Reipublicae,

496 4069 589 4155 cujus
611 4072 680 4131 vice
700 4068 840 4143 fruatur,
863 4068 1034 4153 diligenter
1055 4069 1211 4133 advertat.
1258 4068 1318 4133 Est
1341 4086 1448 4137 autem

497 4166 701 4254 Respublica,
716 4167 989 4233 sicnt'Plutarcho
1011 4170 1126 4254 placet,
1141 4191 1257 4252 corpus
1276 4171 1451 4255 quoddam,

495 4271 584 4359 quod
608 4268 709 4333 divini
730 4269 871 4333 muneris
893 4269 1047 4335 beneficio
1068 4270 1238 4347 animatur,
1262 4286 1293 4337 et
1317 4296 1449 4341 summae

496 4370 658 4463 aequitatis
671 4369 780 4456 agitur
795 4383 889 4451 nutu,
905 4383 937 4435 et
949 4370 1069 4457 regitur
1084 4372 1221 4457 quodam
1238 4374 1451 4443 moderamine
