3575 5575
474 742 535 804 104
738 756 876 802 rotenus
892 755 1172 801 saassauruansrs
1291 739 1372 817 [nm.
1390 759 1429 803 n.

475 908 651 995 majestatis
665 907 817 993 potentia,
836 928 975 991 eumque
990 906 1154 990 sapientise
1172 928 1239 970 suoe
1262 907 1384 976 virtuto
1398 921 1431 971 et

475 1009 687 1075 immensitate
709 1009 871 1082 formavit,
894 1022 926 1073 et
949 1007 1099 1087 firmavit,
1120 1021 1151 1073 et
1168 1020 1205 1073 ut
1223 1008 1251 1071 ei
1268 1021 1333 1072 tam
1356 1009 1430 1074 snb·

477 1113 625 1177 stantiam
649 1132 747 1197 quam
777 1111 912 1174 formam
935 1109 1102 1185 conferret,
1132 1109 1198 1173 sola
1226 1109 1358 1174 inducta
1383 1124 1431 1175 est

477 1215 630 1278 bonitate.
676 1216 795 1278 Verum
825 1211 1040 1276 mathematici
1071 1209 1119 1272 vel
1148 1211 1328 1293 planetarii,
1352 1211 1431 1276 dum

478 1314 682 1401 professionis
695 1335 762 1378 suae
771 1313 945 1399 potentiam
957 1311 1091 1377 dilatare
1101 1311 1262 1389 nituntur,
1271 1311 1303 1375 io
1315 1314 1432 1376 erroris

477 1429 509 1480 et
525 1416 697 1501 impietatis
708 1415 871 1479 mendacia
883 1413 1145 1498 perniciosissime
1155 1424 1321 1476 corruunt.
1364 1413 1433 1476 Nec

479 1517 703 1603 cujuscunque
725 1517 803 1580 artis
825 1515 936 1599 regula
958 1529 1103 1578 servatur
1131 1512 1242 1595 illaesa,
1270 1513 1330 1576 nisi
1354 1512 1432 1577 dum

477 1618 561 1684 infra
582 1617 702 1702 proprii
726 1617 851 1702 generis
872 1616 1029 1681 ambitum
1052 1616 1232 1691 cohibetur,
1256 1615 1431 1701 praesertim

478 1741 579 1804 quum
598 1721 697 1805 juxta
713 1720 898 1804 sapientem,
912 1719 1065 1803 frequens
1079 1717 1120 1780 sit
1141 1716 1263 1803 aliquid
1279 1729 1370 1780 extra
1384 1739 1433 1779 re·

478 1821 586 1904 gulam
610 1818 754 1884 inveniri.
800 1821 912 1883 Omnis
933 1819 1049 1883 etenim
1073 1818 1188 1902 regula
1203 1818 1304 1882 'alicui
1325 1816 1433 1902 generi

480 1942 586 1983 rerum
604 1918 840 1983 accommodata
849 1933 906 1984 est.
953 1921 986 1982 Si
997 1943 1072 1983 vero
1082 1919 1270 1984 traducatur
1281 1919 1321 1982 ad
1334 1917 1433 1995 aliud,

483 2020 590 2084 statim
611 2021 643 2083 in
668 2021 831 2085 veritatem
847 2019 996 2104 impingit
1016 2021 1187 2085 obnoxiam
1208 2021 1353 2086 falsitati.
1400 2021 1433 2083 Si

481 2144 557 2206 ergo
573 2121 785 2185 mathematici
796 2119 972 2207 probabilis
996 2122 1182 2197 matheseos,
1195 2123 1227 2186 id
1242 2136 1302 2201 est,
1317 2122 1435 2188 doctri-

482 2224 563 2287 nalis
572 2224 743 2289 essentfine
753 2224 905 2304 contenti,
916 2237 948 2287 et
961 2247 1067 2288 veram
1077 2238 1206 2311 possent
1215 2227 1338 2312 assequi
1351 2225 1434 2311 posi·

482 2325 599 2389 tionem
621 2324 795 2403 stellarum,
817 2338 848 2389 et
867 2348 907 2388 ex
932 2325 1031 2409 signis
1049 2326 1114 2390 suis
1135 2327 1241 2390 sobria
1257 2314 1436 2391 eruditione

483 2425 656 2498 secundum
688 2424 777 2511 quod
808 2425 998 2490 naturaliter
1026 2426 1218 2509 proveniunt
1247 2426 1434 2511 qualitatem

482 2527 629 2612 praescire
650 2540 841 2612 temporum,
863 2540 895 2591 et
917 2527 1141 2611 speculationis
1161 2548 1228 2590 suae
1242 2526 1436 2612 jucundissi-

482 2629 860 2714 mumcarperefructum.
887 2631 996 2702 Quum
1010 2651 1084 2691 vero
1093 2628 1226 2694 dilatant
1238 2627 1436 2714 phylacteria

461 2727 465 2736 ’
482 2743 585 2804 suaet
601 2729 806 2815 magnificant
827 2729 981 2813 fimbrias,
996 2729 1075 2794 dum
1096 2729 1388 2795 constellationibus
1403 2743 1436 2794 et

482 2832 618 2916 planetis
633 2831 766 2896 nimium
789 2832 918 2896 virtutis
940 2831 1139 2906 adscribunt,
1155 2833 1200 2896 eis
1217 2834 1435 2917 nescioquam

483 2934 703 2995 auctoritatem
726 2955 858 3017 operum
888 2932 1113 3013 adscribentes,
1136 2933 1168 2997 in
1191 2935 1342 3000 creatoris
1364 2957 1437 3020 pro-

484 3046 641 3116 rumpunt
669 3031 842 3118 injuriam3
867 3045 899 3098 et
928 3033 1006 3097 dum
1030 3035 1170 3109 coelestia
1199 3059 1273 3121 quae
1299 3026 1437 3099 tractant

485 3131 525 3194 ad
547 3132 749 3197 sobrietatem
771 3156 833 3197 non
858 3134 998 3226 sapiunt,
1015 3136 1114 3227 juxta
1137 3136 1324 3220 Apostolum
1345 3135 1437 3200 stulti

486 3246 570 3301 sunt.
616 3234 697 3297 Vide
726 3234 758 3298 in
789 3250 943 3321 quantam
968 3237 1084 3301 erroris
1107 3237 1269 3322 abyssum,
1296 3236 1337 3299 ab
1361 3236 1438 3321 ipsis

484 3334 667 3407 coelestibus
682 3334 805 3401 cadant.
851 3335 1156 3402 constellationibus
1170 3338 1233 3402 suis
1253 3327 1438 3410 adscribunt

488 3438 604 3500 omnia.
649 3440 699 3501 Tu
714 3438 830 3500 videris
845 3460 883 3502 an
902 3439 957 3500 fiat
973 3438 1002 3500 ei
1017 3439 1147 3524 injuria,
1165 3437 1221 3524 qui
1237 3438 1311 3503 fecit
1322 3438 1437 3501 coelum

486 3551 518 3602 et
545 3551 659 3602 terram
686 3551 719 3601 ct
741 3539 847 3601 omnia
872 3561 946 3624 quae
972 3539 1004 3601 in
1029 3539 1074 3602 eis
1097 3530 1185 3603 sunt.=
1227 3540 1351 3604 Deinde
1369 3560 1436 3603 eam

485 3639 682 3721 constellatio
697 3640 793 3717 rebus
803 3641 1022 3705 necessitatem
1037 3641 1160 3717 indicit,
1178 3654 1213 3706 ut
1229 3642 1353 3707 arbitrii
1368 3663 1439 3725 per-

485 3742 563 3809 imat
586 3743 776 3808 libertatem.
822 3747 871 3808 An
896 3756 926 3807 et
950 3743 1010 3807 hoc
1039 3757 1135 3824 recte,
1158 3756 1261 3808 tecum
1286 3742 1437 3805 delibera.

489 3844 541 3907 Ad
562 3857 681 3908 tantam
705 3844 842 3929 denique
865 3843 997 3935 quidam
1021 3866 1192 3929 pervenere
1216 3844 1385 3918 vesaniant,
1402 3853 1439 3905 ut

489 3967 529 4007 ex
545 3944 677 4007 diversis
692 3946 855 4009 stellarum
869 3946 1083 4028 positionibus
1097 3945 1204 4009 dicant
1216 3944 1385 4025 imaginem
1398 3942 1439 4006 ab

489 4044 616 4109 homine
628 4067 719 4128 posse
730 4046 872 4121 formari,
882 4066 955 4127 qnae
971 4045 996 4108 si
1006 4068 1063 4131 per
1074 4045 1239 4109 intervalla
1245 4054 1442 4130 temporum,

489 4161 521 4212 et
551 4146 689 4231 quadam
719 4147 839 4209 ratione
867 4148 1110 4232 proportionum
1140 4147 1173 4209 in
1202 4143 1441 4211 constellatione

490 4248 787 4319 servataformetur,
802 4247 1188 4333 stellarumnuturecipiet
1201 4248 1346 4332 spiritum
1356 4247 1442 4326 vitae,

490 4365 521 4419 et
536 4346 773 4417 consulentibus
787 4348 920 4411 occultae
936 4350 1079 4414 veritatis
1091 4341 1303 4415 manifestabit
1320 4372 1440 4413 arcana.
