<?xml version="1.0" encoding="UTF-8"?>
<!DOCTYPE html PUBLIC "-//W3C//DTD XHTML 1.0 Transitional//EN"
    "http://www.w3.org/TR/xhtml1/DTD/xhtml1-transitional.dtd">
<html xmlns="http://www.w3.org/1999/xhtml" xml:lang="en" lang="en">
 <head>
  <title>
</title>
<meta http-equiv="Content-Type" content="text/html;charset=utf-8" />
  <meta name='ocr-system' content='tesseract 3.04.00' />
  <meta name='ocr-capabilities' content='ocr_page ocr_carea ocr_par ocr_line ocrx_word'/>
</head>
<body>
  <div class='ocr_page' id='page_1' title='image "./joannissaresber12johngoog_0220.png"; bbox 0 0 3575 5575; ppageno 0'>
   <div class='ocr_carea' id='block_1_1' title="bbox 502 808 1454 887">
    <p class='ocr_par' dir='ltr' id='par_1_1' title="bbox 502 808 1454 887">
     <span class='ocr_line' id='line_1_1' title="bbox 502 808 1454 887; baseline -0.009 -6"><span class='ocrx_word' id='word_1_1' title='bbox 502 820 566 881; x_wconf 81' lang='lat'>210</span> <span class='ocrx_word' id='word_1_2' title='bbox 745 831 880 876; x_wconf 70' lang='lat' dir='ltr'>solutus</span> <span class='ocrx_word' id='word_1_3' title='bbox 896 829 1174 874; x_wconf 74' lang='lat' dir='ltr'>saansunmnusu</span> <span class='ocrx_word' id='word_1_4' title='bbox 1303 808 1386 887; x_wconf 78' lang='lat' dir='ltr'>[ua.</span> <span class='ocrx_word' id='word_1_5' title='bbox 1402 827 1454 873; x_wconf 91' lang='lat'>111.</span> 
     </span>
    </p>
   </div>
   <div class='ocr_carea' id='block_1_2' title="bbox 482 976 1455 4520">
    <p class='ocr_par' dir='ltr' id='par_1_2' title="bbox 482 976 1455 4520">
     <span class='ocr_line' id='line_1_2' title="bbox 505 976 1455 1065; baseline -0.011 -16"><span class='ocrx_word' id='word_1_6' title='bbox 505 984 609 1048; x_wconf 85' lang='lat' dir='ltr'>verbis</span> <span class='ocrx_word' id='word_1_7' title='bbox 632 983 810 1058; x_wconf 80' lang='lat' dir='ltr'>docuerint,</span> <span class='ocrx_word' id='word_1_8' title='bbox 826 995 860 1045; x_wconf 89' lang='lat' dir='ltr'>et</span> <span class='ocrx_word' id='word_1_9' title='bbox 882 978 1045 1065; x_wconf 87' lang='lat' dir='ltr'>exemplis.</span> <span class='ocrx_word' id='word_1_10' title='bbox 1091 977 1188 1042; x_wconf 87' lang='lat' dir='ltr'>Unde</span> <span class='ocrx_word' id='word_1_11' title='bbox 1211 988 1244 1042; x_wconf 87' lang='lat' dir='ltr'>et</span> <span class='ocrx_word' id='word_1_12' title='bbox 1266 976 1455 1062; x_wconf 82' lang='lat' dir='ltr'>Aristippus</span> 
     </span>
     <span class='ocr_line' id='line_1_3' title="bbox 504 1074 1453 1161; baseline -0.009 -12"><span class='ocrx_word' id='word_1_13' title='bbox 504 1108 524 1150; x_wconf 90' lang='lat' dir='ltr'>a</span> <span class='ocrx_word' id='word_1_14' title='bbox 547 1083 753 1148; x_wconf 84' lang='lat' dir='ltr'>maledicente</span> <span class='ocrx_word' id='word_1_15' title='bbox 774 1105 807 1146; x_wconf 91' lang='lat' dir='ltr'>se</span> <span class='ocrx_word' id='word_1_16' title='bbox 828 1080 1003 1156; x_wconf 84' lang='lat' dir='ltr'>discedens,</span> <span class='ocrx_word' id='word_1_17' title='bbox 1027 1078 1145 1142; x_wconf 85' lang='lat' dir='ltr'>dixisse</span> <span class='ocrx_word' id='word_1_18' title='bbox 1165 1074 1302 1161; x_wconf 84' lang='lat' dir='ltr'>legitur;</span> <span class='ocrx_word' id='word_1_19' title='bbox 1340 1077 1389 1140; x_wconf 91' lang='lat' dir='ltr'>Ut</span> <span class='ocrx_word' id='word_1_20' title='bbox 1416 1087 1453 1140; x_wconf 90' lang='lat' dir='ltr'>tu</span> 
     </span>
     <span class='ocr_line' id='line_1_4' title="bbox 502 1178 1452 1272; baseline -0.008 -22"><span class='ocrx_word' id='word_1_21' title='bbox 502 1187 622 1272; x_wconf 84' lang='lat' dir='ltr'>linguae</span> <span class='ocrx_word' id='word_1_22' title='bbox 636 1201 714 1266; x_wconf 87' lang='lat' dir='ltr'>tuae,</span> <span class='ocrx_word' id='word_1_23' title='bbox 727 1184 771 1248; x_wconf 90' lang='lat' dir='ltr'>sic</span> <span class='ocrx_word' id='word_1_24' title='bbox 785 1197 817 1249; x_wconf 91' lang='lat' dir='ltr'>et</span> <span class='ocrx_word' id='word_1_25' title='bbox 832 1205 893 1268; x_wconf 87' lang='lat' dir='ltr'>ego</span> <span class='ocrx_word' id='word_1_26' title='bbox 908 1203 1048 1246; x_wconf 91' lang='lat' dir='ltr'>mearum</span> <span class='ocrx_word' id='word_1_27' title='bbox 1064 1182 1190 1244; x_wconf 71' lang='lat' dir='ltr'>aunum</span> <span class='ocrx_word' id='word_1_28' title='bbox 1205 1178 1355 1243; x_wconf 90' lang='lat' dir='ltr'>dominus</span> <span class='ocrx_word' id='word_1_29' title='bbox 1370 1200 1452 1244; x_wconf 86' lang='lat' dir='ltr'>sum.</span> 
     </span>
     <span class='ocr_line' id='line_1_5' title="bbox 501 1279 1452 1372; baseline -0.008 -20"><span class='ocrx_word' id='word_1_30' title='bbox 501 1288 669 1353; x_wconf 90' lang='lat' dir='ltr'>Antitanes</span> <span class='ocrx_word' id='word_1_31' title='bbox 690 1308 820 1372; x_wconf 90' lang='lat' dir='ltr'>quoque</span> <span class='ocrx_word' id='word_1_32' title='bbox 833 1282 961 1348; x_wconf 89' lang='lat' dir='ltr'>cuidam</span> <span class='ocrx_word' id='word_1_33' title='bbox 980 1281 1108 1361; x_wconf 90' lang='lat' dir='ltr'>dicenti,</span> <span class='ocrx_word' id='word_1_34' title='bbox 1123 1280 1295 1346; x_wconf 87' lang='lat' dir='ltr'>Maledixit</span> <span class='ocrx_word' id='word_1_35' title='bbox 1311 1280 1372 1345; x_wconf 92' lang='lat' dir='ltr'>tibi</span> <span class='ocrx_word' id='word_1_36' title='bbox 1385 1279 1452 1356; x_wconf 90' lang='lat' dir='ltr'>ille,</span> 
     </span>
     <span class='ocr_line' id='line_1_6' title="bbox 501 1383 1451 1474; baseline -0.008 -20"><span class='ocrx_word' id='word_1_37' title='bbox 501 1392 574 1454; x_wconf 93' lang='lat' dir='ltr'>Non</span> <span class='ocrx_word' id='word_1_38' title='bbox 590 1387 679 1465; x_wconf 90' lang='lat' dir='ltr'>mihi,</span> <span class='ocrx_word' id='word_1_39' title='bbox 694 1388 809 1474; x_wconf 89' lang='lat' dir='ltr'>inquit,</span> <span class='ocrx_word' id='word_1_40' title='bbox 824 1385 879 1451; x_wconf 88' lang='lat' dir='ltr'>sed</span> <span class='ocrx_word' id='word_1_41' title='bbox 896 1385 953 1463; x_wconf 89' lang='lat' dir='ltr'>illi,</span> <span class='ocrx_word' id='word_1_42' title='bbox 969 1384 1024 1470; x_wconf 91' lang='lat' dir='ltr'>qui</span> <span class='ocrx_word' id='word_1_43' title='bbox 1040 1383 1071 1448; x_wconf 92' lang='lat' dir='ltr'>in</span> <span class='ocrx_word' id='word_1_44' title='bbox 1089 1407 1133 1461; x_wconf 90' lang='lat' dir='ltr'>se,</span> <span class='ocrx_word' id='word_1_45' title='bbox 1150 1383 1237 1468; x_wconf 91' lang='lat' dir='ltr'>quod</span> <span class='ocrx_word' id='word_1_46' title='bbox 1261 1383 1314 1448; x_wconf 90' lang='lat' dir='ltr'>ille</span> <span class='ocrx_word' id='word_1_47' title='bbox 1329 1384 1451 1469; x_wconf 85' lang='lat' dir='ltr'>culpat,</span> 
     </span>
     <span class='ocr_line' id='line_1_7' title="bbox 499 1484 1449 1576; baseline -0.009 -20"><span class='ocrx_word' id='word_1_48' title='bbox 499 1492 651 1576; x_wconf 85' lang='lat' dir='ltr'>agnoscit.</span> <span class='ocrx_word' id='word_1_49' title='bbox 697 1488 760 1553; x_wconf 87' lang='lat' dir='ltr'>Sed</span> <span class='ocrx_word' id='word_1_50' title='bbox 775 1487 835 1552; x_wconf 89' lang='lat' dir='ltr'>etsi</span> <span class='ocrx_word' id='word_1_51' title='bbox 858 1486 936 1549; x_wconf 90' lang='lat' dir='ltr'>mihi</span> <span class='ocrx_word' id='word_1_52' title='bbox 959 1484 1145 1550; x_wconf 85' lang='lat' dir='ltr'>maledicere</span> <span class='ocrx_word' id='word_1_53' title='bbox 1166 1496 1268 1561; x_wconf 84' lang='lat' dir='ltr'>curet,</span> <span class='ocrx_word' id='word_1_54' title='bbox 1283 1506 1346 1548; x_wconf 90' lang='lat' dir='ltr'>non</span> <span class='ocrx_word' id='word_1_55' title='bbox 1362 1506 1449 1558; x_wconf 89' lang='lat' dir='ltr'>curo,</span> 
     </span>
     <span class='ocr_line' id='line_1_8' title="bbox 498 1584 1449 1679; baseline -0.007 -24"><span class='ocrx_word' id='word_1_56' title='bbox 498 1593 577 1679; x_wconf 87' lang='lat' dir='ltr'>quia</span> <span class='ocrx_word' id='word_1_57' title='bbox 584 1591 713 1657; x_wconf 87' lang='lat' dir='ltr'>auditus</span> <span class='ocrx_word' id='word_1_58' title='bbox 721 1590 831 1672; x_wconf 84' lang='lat' dir='ltr'>lingua</span> <span class='ocrx_word' id='word_1_59' title='bbox 840 1587 937 1653; x_wconf 90' lang='lat' dir='ltr'>debet</span> <span class='ocrx_word' id='word_1_60' title='bbox 948 1609 1013 1650; x_wconf 87' lang='lat' dir='ltr'>esse</span> <span class='ocrx_word' id='word_1_61' title='bbox 1022 1585 1193 1666; x_wconf 84' lang='lat' dir='ltr'>robustior,</span> <span class='ocrx_word' id='word_1_62' title='bbox 1202 1608 1302 1671; x_wconf 90' lang='lat' dir='ltr'>quum</span> <span class='ocrx_word' id='word_1_63' title='bbox 1316 1584 1449 1671; x_wconf 89' lang='lat' dir='ltr'>singulis</span> 
     </span>
     <span class='ocr_line' id='line_1_9' title="bbox 498 1686 1448 1777; baseline -0.008 -20"><span class='ocrx_word' id='word_1_64' title='bbox 498 1694 682 1758; x_wconf 90' lang='lat' dir='ltr'>hominibus</span> <span class='ocrx_word' id='word_1_65' title='bbox 696 1692 815 1777; x_wconf 85' lang='lat' dir='ltr'>liuguae</span> <span class='ocrx_word' id='word_1_66' title='bbox 830 1691 893 1754; x_wconf 90' lang='lat' dir='ltr'>sint</span> <span class='ocrx_word' id='word_1_67' title='bbox 909 1687 1054 1773; x_wconf 73' lang='lat' dir='ltr'>singulae,</span> <span class='ocrx_word' id='word_1_68' title='bbox 1067 1687 1121 1752; x_wconf 90' lang='lat' dir='ltr'>sed</span> <span class='ocrx_word' id='word_1_69' title='bbox 1137 1709 1231 1753; x_wconf 89' lang='lat' dir='ltr'>aures</span> <span class='ocrx_word' id='word_1_70' title='bbox 1246 1687 1339 1753; x_wconf 89' lang='lat' dir='ltr'>binae.</span> <span class='ocrx_word' id='word_1_71' title='bbox 1377 1686 1448 1750; x_wconf 90' lang='lat' dir='ltr'>Ali-</span> 
     </span>
     <span class='ocr_line' id='line_1_10' title="bbox 498 1790 1448 1883; baseline -0.007 -23"><span class='ocrx_word' id='word_1_72' title='bbox 498 1810 657 1883; x_wconf 88' lang='lat' dir='ltr'>quatenus</span> <span class='ocrx_word' id='word_1_73' title='bbox 678 1810 781 1860; x_wconf 90' lang='lat' dir='ltr'>tamen</span> <span class='ocrx_word' id='word_1_74' title='bbox 803 1817 892 1868; x_wconf 87' lang='lat' dir='ltr'>curo,</span> <span class='ocrx_word' id='word_1_75' title='bbox 915 1791 990 1878; x_wconf 92' lang='lat' dir='ltr'>quia</span> <span class='ocrx_word' id='word_1_76' title='bbox 1012 1815 1050 1855; x_wconf 92' lang='lat' dir='ltr'>eo</span> <span class='ocrx_word' id='word_1_77' title='bbox 1075 1791 1145 1877; x_wconf 89' lang='lat' dir='ltr'>ipso</span> <span class='ocrx_word' id='word_1_78' title='bbox 1166 1812 1216 1854; x_wconf 92' lang='lat' dir='ltr'>me</span> <span class='ocrx_word' id='word_1_79' title='bbox 1239 1790 1360 1855; x_wconf 85' lang='lat' dir='ltr'>fatetur</span> <span class='ocrx_word' id='word_1_80' title='bbox 1381 1811 1448 1853; x_wconf 87' lang='lat' dir='ltr'>esse</span> 
     </span>
     <span class='ocr_line' id='line_1_11' title="bbox 497 1892 1447 1984; baseline -0.009 -21"><span class='ocrx_word' id='word_1_81' title='bbox 497 1899 702 1984; x_wconf 88' lang='lat' dir='ltr'>superiorem,</span> <span class='ocrx_word' id='word_1_82' title='bbox 732 1896 883 1981; x_wconf 90' lang='lat' dir='ltr'>quoniam</span> <span class='ocrx_word' id='word_1_83' title='bbox 915 1892 1087 1978; x_wconf 88' lang='lat' dir='ltr'>superioris</span> <span class='ocrx_word' id='word_1_84' title='bbox 1122 1913 1264 1977; x_wconf 87' lang='lat' dir='ltr'>persouae</span> <span class='ocrx_word' id='word_1_85' title='bbox 1293 1913 1371 1956; x_wconf 90' lang='lat' dir='ltr'>usus</span> <span class='ocrx_word' id='word_1_86' title='bbox 1399 1901 1447 1955; x_wconf 91' lang='lat' dir='ltr'>est</span> 
     </span>
     <span class='ocr_line' id='line_1_12' title="bbox 496 1993 1447 2083; baseline -0.007 -19"><span class='ocrx_word' id='word_1_87' title='bbox 496 1998 745 2063; x_wconf 86' lang='lat' dir='ltr'>detractionibus</span> <span class='ocrx_word' id='word_1_88' title='bbox 755 1995 1094 2083; x_wconf 78' lang='lat' dir='ltr'>subjacere,inferioris</span> <span class='ocrx_word' id='word_1_89' title='bbox 1104 1993 1230 2058; x_wconf 88' lang='lat' dir='ltr'>inferre.</span> <span class='ocrx_word' id='word_1_90' title='bbox 1265 1993 1447 2058; x_wconf 87' lang='lat' dir='ltr'>Gauderem</span> 
     </span>
     <span class='ocr_line' id='line_1_13' title="bbox 496 2094 1445 2186; baseline -0.007 -21"><span class='ocrx_word' id='word_1_91' title='bbox 496 2101 616 2186; x_wconf 88' lang='lat' dir='ltr'>itaque,</span> <span class='ocrx_word' id='word_1_92' title='bbox 638 2101 698 2164; x_wconf 86' lang='lat' dir='ltr'>uisi</span> <span class='ocrx_word' id='word_1_93' title='bbox 723 2112 858 2185; x_wconf 86' lang='lat' dir='ltr'>urgente</span> <span class='ocrx_word' id='word_1_94' title='bbox 883 2097 1082 2162; x_wconf 83' lang='lat' dir='ltr'>humanitate</span> <span class='ocrx_word' id='word_1_95' title='bbox 1103 2110 1299 2182; x_wconf 88' lang='lat' dir='ltr'>compaterer</span> <span class='ocrx_word' id='word_1_96' title='bbox 1320 2094 1445 2158; x_wconf 89' lang='lat' dir='ltr'>infelici.</span> 
     </span>
     <span class='ocr_line' id='line_1_14' title="bbox 497 2197 1447 2277; baseline -0.007 -11"><span class='ocrx_word' id='word_1_97' title='bbox 497 2204 580 2268; x_wconf 89' lang='lat' dir='ltr'>Item</span> <span class='ocrx_word' id='word_1_98' title='bbox 604 2205 644 2267; x_wconf 91' lang='lat' dir='ltr'>T.</span> <span class='ocrx_word' id='word_1_99' title='bbox 660 2201 774 2266; x_wconf 92' lang='lat' dir='ltr'>Tatius</span> <span class='ocrx_word' id='word_1_100' title='bbox 794 2199 992 2265; x_wconf 90' lang='lat' dir='ltr'>maledicenti</span> <span class='ocrx_word' id='word_1_101' title='bbox 1017 2198 1078 2266; x_wconf 90' lang='lat' dir='ltr'>sibi</span> <span class='ocrx_word' id='word_1_102' title='bbox 1101 2199 1246 2277; x_wconf 88' lang='lat' dir='ltr'>Metello,</span> <span class='ocrx_word' id='word_1_103' title='bbox 1268 2197 1385 2276; x_wconf 87' lang='lat' dir='ltr'>Facile,</span> <span class='ocrx_word' id='word_1_104' title='bbox 1399 2197 1447 2260; x_wconf 90' lang='lat' dir='ltr'>iu-</span> 
     </span>
     <span class='ocr_line' id='line_1_15' title="bbox 496 2303 1446 2389; baseline -0.007 -20"><span class='ocrx_word' id='word_1_105' title='bbox 496 2304 578 2389; x_wconf 91' lang='lat' dir='ltr'>quit,</span> <span class='ocrx_word' id='word_1_106' title='bbox 601 2316 650 2370; x_wconf 89' lang='lat' dir='ltr'>est</span> <span class='ocrx_word' id='word_1_107' title='bbox 672 2303 704 2366; x_wconf 93' lang='lat' dir='ltr'>in</span> <span class='ocrx_word' id='word_1_108' title='bbox 726 2325 777 2366; x_wconf 92' lang='lat' dir='ltr'>me</span> <span class='ocrx_word' id='word_1_109' title='bbox 802 2303 917 2382; x_wconf 89' lang='lat' dir='ltr'>dicere,</span> <span class='ocrx_word' id='word_1_110' title='bbox 937 2325 1036 2388; x_wconf 91' lang='lat' dir='ltr'>quum</span> <span class='ocrx_word' id='word_1_111' title='bbox 1062 2325 1119 2366; x_wconf 86' lang='lat' dir='ltr'>nec</span> <span class='ocrx_word' id='word_1_112' title='bbox 1142 2303 1200 2366; x_wconf 90' lang='lat' dir='ltr'>sim</span> <span class='ocrx_word' id='word_1_113' title='bbox 1227 2321 1446 2387; x_wconf 86' lang='lat' dir='ltr'>responsurus.</span> 
     </span>
     <span class='ocr_line' id='line_1_16' title="bbox 495 2401 1445 2491; baseline -0.004 -22"><span class='ocrx_word' id='word_1_114' title='bbox 495 2406 580 2483; x_wconf 83' lang='lat' dir='ltr'>Quid</span> <span class='ocrx_word' id='word_1_115' title='bbox 614 2408 817 2491; x_wconf 85' lang='lat' dir='ltr'>Xenophon?</span> <span class='ocrx_word' id='word_1_116' title='bbox 854 2407 919 2479; x_wconf 90' lang='lat' dir='ltr'>Tu,</span> <span class='ocrx_word' id='word_1_117' title='bbox 948 2404 1055 2490; x_wconf 89' lang='lat' dir='ltr'>iuquit</span> <span class='ocrx_word' id='word_1_118' title='bbox 1087 2402 1227 2484; x_wconf 91' lang='lat' dir='ltr'>cuidam,</span> <span class='ocrx_word' id='word_1_119' title='bbox 1259 2401 1445 2468; x_wconf 86' lang='lat' dir='ltr'>maledicere</span> 
     </span>
     <span class='ocr_line' id='line_1_17' title="bbox 492 2503 1445 2592; baseline -0.003 -22"><span class='ocrx_word' id='word_1_120' title='bbox 492 2506 642 2583; x_wconf 87' lang='lat' dir='ltr'>didicisti,</span> <span class='ocrx_word' id='word_1_121' title='bbox 668 2519 700 2572; x_wconf 89' lang='lat' dir='ltr'>et</span> <span class='ocrx_word' id='word_1_122' title='bbox 726 2530 798 2592; x_wconf 86' lang='lat' dir='ltr'>ego,</span> <span class='ocrx_word' id='word_1_123' title='bbox 823 2506 1014 2570; x_wconf 87' lang='lat' dir='ltr'>conscientia</span> <span class='ocrx_word' id='word_1_124' title='bbox 1040 2517 1127 2581; x_wconf 92' lang='lat' dir='ltr'>teste,</span> <span class='ocrx_word' id='word_1_125' title='bbox 1154 2504 1251 2570; x_wconf 91' lang='lat' dir='ltr'>didici</span> <span class='ocrx_word' id='word_1_126' title='bbox 1275 2503 1445 2570; x_wconf 89' lang='lat' dir='ltr'>maledicta</span> 
     </span>
     <span class='ocr_line' id='line_1_18' title="bbox 493 2604 1445 2690; baseline -0.001 -19"><span class='ocrx_word' id='word_1_127' title='bbox 493 2619 702 2672; x_wconf 88' lang='lat' dir='ltr'>contemnere.</span> <span class='ocrx_word' id='word_1_128' title='bbox 742 2605 804 2670; x_wconf 85' lang='lat' dir='ltr'>Sed</span> <span class='ocrx_word' id='word_1_129' title='bbox 830 2619 862 2670; x_wconf 89' lang='lat' dir='ltr'>et</span> <span class='ocrx_word' id='word_1_130' title='bbox 886 2606 1059 2690; x_wconf 87' lang='lat' dir='ltr'>Diogenes,</span> <span class='ocrx_word' id='word_1_131' title='bbox 1083 2627 1184 2690; x_wconf 88' lang='lat' dir='ltr'>quum</span> <span class='ocrx_word' id='word_1_132' title='bbox 1209 2606 1238 2669; x_wconf 93' lang='lat' dir='ltr'>ei</span> <span class='ocrx_word' id='word_1_133' title='bbox 1264 2604 1445 2670; x_wconf 84' lang='lat' dir='ltr'>nunciasset</span> 
     </span>
     <span class='ocr_line' id='line_1_19' title="bbox 491 2705 1444 2793; baseline -0.002 -20"><span class='ocrx_word' id='word_1_134' title='bbox 491 2709 621 2786; x_wconf 90' lang='lat' dir='ltr'>amicus,</span> <span class='ocrx_word' id='word_1_135' title='bbox 643 2712 691 2774; x_wconf 91' lang='lat' dir='ltr'>Te</span> <span class='ocrx_word' id='word_1_136' title='bbox 712 2706 804 2772; x_wconf 91' lang='lat' dir='ltr'>amici</span> <span class='ocrx_word' id='word_1_137' title='bbox 825 2705 932 2770; x_wconf 90' lang='lat' dir='ltr'>cuncti</span> <span class='ocrx_word' id='word_1_138' title='bbox 956 2705 1150 2793; x_wconf 85' lang='lat' dir='ltr'>vituperant,</span> <span class='ocrx_word' id='word_1_139' title='bbox 1167 2707 1314 2793; x_wconf 87' lang='lat' dir='ltr'>Oportet,</span> <span class='ocrx_word' id='word_1_140' title='bbox 1328 2705 1444 2793; x_wconf 87' lang='lat' dir='ltr'>inquit,</span> 
     </span>
     <span class='ocr_line' id='line_1_20' title="bbox 490 2808 1444 2898; baseline -0.002 -23"><span class='ocrx_word' id='word_1_141' title='bbox 490 2811 674 2898; x_wconf 88' lang='lat' dir='ltr'>sapientiam</span> <span class='ocrx_word' id='word_1_142' title='bbox 690 2810 731 2873; x_wconf 92' lang='lat' dir='ltr'>ab</span> <span class='ocrx_word' id='word_1_143' title='bbox 746 2808 968 2895; x_wconf 86' lang='lat' dir='ltr'>insipientibus</span> <span class='ocrx_word' id='word_1_144' title='bbox 988 2808 1086 2885; x_wconf 82' lang='lat' dir='ltr'>feriri,</span> <span class='ocrx_word' id='word_1_145' title='bbox 1102 2832 1168 2873; x_wconf 88' lang='lat' dir='ltr'>esse</span> <span class='ocrx_word' id='word_1_146' title='bbox 1183 2810 1265 2873; x_wconf 91' lang='lat' dir='ltr'>enim</span> <span class='ocrx_word' id='word_1_147' title='bbox 1281 2808 1444 2874; x_wconf 87' lang='lat' dir='ltr'>meliorem</span> 
     </span>
     <span class='ocr_line' id='line_1_21' title="bbox 490 2908 1444 3001; baseline -0.001 -27"><span class='ocrx_word' id='word_1_148' title='bbox 490 2912 610 2976; x_wconf 90' lang='lat' dir='ltr'>indicat</span> <span class='ocrx_word' id='word_1_149' title='bbox 623 2910 708 2975; x_wconf 89' lang='lat' dir='ltr'>mala</span> <span class='ocrx_word' id='word_1_150' title='bbox 721 2910 831 2994; x_wconf 85' lang='lat' dir='ltr'>lingua</span> <span class='ocrx_word' id='word_1_151' title='bbox 847 2932 943 2992; x_wconf 91' lang='lat' dir='ltr'>quem</span> <span class='ocrx_word' id='word_1_152' title='bbox 958 2908 1071 2994; x_wconf 90' lang='lat' dir='ltr'>carpit.</span> <span class='ocrx_word' id='word_1_153' title='bbox 1106 2910 1193 3001; x_wconf 79' lang='lat' dir='ltr'>Quid</span> <span class='ocrx_word' id='word_1_154' title='bbox 1207 2910 1321 2975; x_wconf 88' lang='lat' dir='ltr'>Plato?</span> <span class='ocrx_word' id='word_1_155' title='bbox 1345 2908 1444 2998; x_wconf 69' lang='lat' dir='ltr'>totius</span> 
     </span>
     <span class='ocr_line' id='line_1_22' title="bbox 489 3008 1443 3097; baseline 0.002 -24"><span class='ocrx_word' id='word_1_156' title='bbox 489 3010 699 3097; x_wconf 82' lang='lat' dir='ltr'>philosophiae</span> <span class='ocrx_word' id='word_1_157' title='bbox 719 3010 828 3088; x_wconf 91' lang='lat' dir='ltr'>robur,</span> <span class='ocrx_word' id='word_1_158' title='bbox 842 3008 996 3096; x_wconf 84' lang='lat' dir='ltr'>patientia</span> <span class='ocrx_word' id='word_1_159' title='bbox 1010 3021 1068 3074; x_wconf 88' lang='lat' dir='ltr'>est.</span> <span class='ocrx_word' id='word_1_160' title='bbox 1113 3013 1221 3085; x_wconf 88' lang='lat' dir='ltr'>Quum</span> <span class='ocrx_word' id='word_1_161' title='bbox 1243 3022 1276 3074; x_wconf 89' lang='lat' dir='ltr'>et</span> <span class='ocrx_word' id='word_1_162' title='bbox 1298 3013 1443 3076; x_wconf 86' lang='lat' dir='ltr'>Socrates</span> 
     </span>
     <span class='ocr_line' id='line_1_23' title="bbox 489 3093 1443 3197; baseline 0 -20"><span class='ocrx_word' id='word_1_163' title='bbox 489 3093 1100 3197; x_wconf 42' lang='lat' dir='ltr'>ffi&#39;idbfflil&#39;rlifffiiffe&#39;iiipieit&#39;em</span> <span class='ocrx_word' id='word_1_164' title='bbox 1122 3133 1214 3196; x_wconf 91' lang='lat' dir='ltr'>posse</span> <span class='ocrx_word' id='word_1_165' title='bbox 1235 3112 1364 3188; x_wconf 85' lang='lat' dir='ltr'>offendi,</span> <span class='ocrx_word' id='word_1_166' title='bbox 1387 3111 1443 3177; x_wconf 87' lang='lat' dir='ltr'>sed</span> 
     </span>
     <span class='ocr_line' id='line_1_24' title="bbox 489 3212 1442 3279; baseline 0 -1"><span class='ocrx_word' id='word_1_167' title='bbox 489 3214 641 3279; x_wconf 87' lang='lat' dir='ltr'>adversus</span> <span class='ocrx_word' id='word_1_168' title='bbox 653 3235 776 3278; x_wconf 89' lang='lat' dir='ltr'>omnem</span> <span class='ocrx_word' id='word_1_169' title='bbox 788 3212 951 3277; x_wconf 88' lang='lat' dir='ltr'>fortunam</span> <span class='ocrx_word' id='word_1_170' title='bbox 963 3212 1077 3276; x_wconf 89' lang='lat' dir='ltr'>robore</span> <span class='ocrx_word' id='word_1_171' title='bbox 1092 3212 1220 3277; x_wconf 83' lang='lat' dir='ltr'>virtutis</span> <span class='ocrx_word' id='word_1_172' title='bbox 1233 3235 1300 3277; x_wconf 88' lang='lat' dir='ltr'>suae</span> <span class='ocrx_word' id='word_1_173' title='bbox 1315 3236 1442 3278; x_wconf 89' lang='lat' dir='ltr'>manere</span> 
     </span>
     <span class='ocr_line' id='line_1_25' title="bbox 487 3313 1441 3401; baseline 0 -22"><span class='ocrx_word' id='word_1_174' title='bbox 487 3316 691 3380; x_wconf 89' lang='lat' dir='ltr'>immobilem.</span> <span class='ocrx_word' id='word_1_175' title='bbox 736 3316 781 3379; x_wconf 85' lang='lat' dir='ltr'>Et</span> <span class='ocrx_word' id='word_1_176' title='bbox 803 3337 843 3378; x_wconf 91' lang='lat' dir='ltr'>ne</span> <span class='ocrx_word' id='word_1_177' title='bbox 865 3314 1068 3401; x_wconf 92' lang='lat' dir='ltr'>Philosophis</span> <span class='ocrx_word' id='word_1_178' title='bbox 1090 3313 1162 3377; x_wconf 90' lang='lat' dir='ltr'>solis</span> <span class='ocrx_word' id='word_1_179' title='bbox 1185 3314 1380 3400; x_wconf 42' lang='lat' dir='ltr'>patientiam.</span> <span class='ocrx_word' id='word_1_180' title='bbox 1396 3314 1441 3379; x_wconf 93' lang='lat' dir='ltr'>sic</span> 
     </span>
     <span class='ocr_line' id='line_1_26' title="bbox 488 3415 1441 3504; baseline 0.002 -25"><span class='ocrx_word' id='word_1_181' title='bbox 488 3416 645 3502; x_wconf 90' lang='lat' dir='ltr'>placuisse</span> <span class='ocrx_word' id='word_1_182' title='bbox 658 3416 775 3495; x_wconf 88' lang='lat' dir='ltr'>credas,</span> <span class='ocrx_word' id='word_1_183' title='bbox 789 3417 930 3502; x_wconf 89' lang='lat' dir='ltr'>ipsorum</span> <span class='ocrx_word' id='word_1_184' title='bbox 948 3415 1179 3504; x_wconf 88' lang='lat' dir='ltr'>Imperatorum</span> <span class='ocrx_word' id='word_1_185' title='bbox 1195 3416 1236 3480; x_wconf 94' lang='lat' dir='ltr'>ad</span> <span class='ocrx_word' id='word_1_186' title='bbox 1250 3439 1319 3480; x_wconf 84' lang='lat' dir='ltr'>earn</span> <span class='ocrx_word' id='word_1_187' title='bbox 1334 3417 1441 3504; x_wconf 92' lang='lat' dir='ltr'>publi-</span> 
     </span>
     <span class='ocr_line' id='line_1_27' title="bbox 487 3517 1440 3605; baseline 0.002 -23"><span class='ocrx_word' id='word_1_188' title='bbox 487 3518 620 3583; x_wconf 91' lang='lat' dir='ltr'>candam</span> <span class='ocrx_word' id='word_1_189' title='bbox 634 3522 780 3603; x_wconf 82' lang='lat' dir='ltr'>exempla</span> <span class='ocrx_word' id='word_1_190' title='bbox 794 3534 995 3585; x_wconf 89' lang='lat' dir='ltr'>concurrunt.</span> <span class='ocrx_word' id='word_1_191' title='bbox 1042 3522 1081 3584; x_wconf 91' lang='lat' dir='ltr'>In</span> <span class='ocrx_word' id='word_1_192' title='bbox 1098 3517 1224 3581; x_wconf 88' lang='lat' dir='ltr'>Graecia</span> <span class='ocrx_word' id='word_1_193' title='bbox 1238 3518 1312 3604; x_wconf 89' lang='lat' dir='ltr'>quis</span> <span class='ocrx_word' id='word_1_194' title='bbox 1326 3520 1440 3605; x_wconf 87' lang='lat' dir='ltr'>major,</span> 
     </span>
     <span class='ocr_line' id='line_1_28' title="bbox 487 3618 1441 3707; baseline 0.003 -24"><span class='ocrx_word' id='word_1_195' title='bbox 487 3632 544 3685; x_wconf 90' lang='lat' dir='ltr'>aut</span> <span class='ocrx_word' id='word_1_196' title='bbox 570 3622 684 3684; x_wconf 90' lang='lat' dir='ltr'>clarior</span> <span class='ocrx_word' id='word_1_197' title='bbox 710 3618 922 3686; x_wconf 83' lang='lat' dir='ltr'>Alexandro?</span> <span class='ocrx_word' id='word_1_198' title='bbox 957 3621 999 3685; x_wconf 88' lang='lat' dir='ltr'>Ei</span> <span class='ocrx_word' id='word_1_199' title='bbox 1029 3620 1213 3706; x_wconf 87' lang='lat' dir='ltr'>Antigonus</span> <span class='ocrx_word' id='word_1_200' title='bbox 1242 3622 1441 3707; x_wconf 78' lang='lat' dir='ltr'>paedagogus</span> 
     </span>
     <span class='ocr_line' id='line_1_29' title="bbox 487 3720 1440 3809; baseline 0 -23"><span class='ocrx_word' id='word_1_201' title='bbox 487 3722 642 3788; x_wconf 88' lang='lat' dir='ltr'>citharam</span> <span class='ocrx_word' id='word_1_202' title='bbox 665 3720 772 3808; x_wconf 83' lang='lat' dir='ltr'>fregit,</span> <span class='ocrx_word' id='word_1_203' title='bbox 797 3720 978 3808; x_wconf 88' lang='lat' dir='ltr'>abjecitque</span> <span class='ocrx_word' id='word_1_204' title='bbox 1000 3724 1127 3789; x_wconf 90' lang='lat' dir='ltr'>dicens:</span> <span class='ocrx_word' id='word_1_205' title='bbox 1163 3721 1268 3788; x_wconf 85' lang='lat' dir='ltr'>AEtati</span> <span class='ocrx_word' id='word_1_206' title='bbox 1290 3735 1354 3788; x_wconf 88' lang='lat' dir='ltr'>tuae</span> <span class='ocrx_word' id='word_1_207' title='bbox 1370 3724 1440 3809; x_wconf 89' lang='lat' dir='ltr'>jam</span> 
     </span>
     <span class='ocr_line' id='line_1_30' title="bbox 487 3821 1439 3910; baseline 0 -24"><span class='ocrx_word' id='word_1_208' title='bbox 487 3845 619 3908; x_wconf 86' lang='lat' dir='ltr'>regnare</span> <span class='ocrx_word' id='word_1_209' title='bbox 648 3822 806 3901; x_wconf 89' lang='lat' dir='ltr'>convenit,</span> <span class='ocrx_word' id='word_1_210' title='bbox 830 3821 1018 3908; x_wconf 88' lang='lat' dir='ltr'>pudeatque</span> <span class='ocrx_word' id='word_1_211' title='bbox 1048 3824 1081 3887; x_wconf 92' lang='lat' dir='ltr'>in</span> <span class='ocrx_word' id='word_1_212' title='bbox 1112 3846 1243 3910; x_wconf 89' lang='lat' dir='ltr'>corpore</span> <span class='ocrx_word' id='word_1_213' title='bbox 1267 3826 1357 3907; x_wconf 84' lang='lat' dir='ltr'>regni</span> <span class='ocrx_word' id='word_1_214' title='bbox 1386 3845 1439 3886; x_wconf 87' lang='lat' dir='ltr'>vo-</span> 
     </span>
     <span class='ocr_line' id='line_1_31' title="bbox 486 3923 1439 4011; baseline 0.001 -24"><span class='ocrx_word' id='word_1_215' title='bbox 486 3926 644 4011; x_wconf 88' lang='lat' dir='ltr'>luptatem</span> <span class='ocrx_word' id='word_1_216' title='bbox 673 3924 811 3988; x_wconf 84' lang='lat' dir='ltr'>luxurioe</span> <span class='ocrx_word' id='word_1_217' title='bbox 837 3923 1005 3989; x_wconf 88' lang='lat' dir='ltr'>dominari.</span> <span class='ocrx_word' id='word_1_218' title='bbox 1051 3926 1147 4001; x_wconf 87' lang='lat' dir='ltr'>Quod</span> <span class='ocrx_word' id='word_1_219' title='bbox 1177 3939 1209 3991; x_wconf 85' lang='lat' dir='ltr'>et</span> <span class='ocrx_word' id='word_1_220' title='bbox 1239 3924 1291 3990; x_wconf 92' lang='lat' dir='ltr'>ille</span> <span class='ocrx_word' id='word_1_221' title='bbox 1316 3924 1439 4011; x_wconf 91' lang='lat' dir='ltr'>patieu-</span> 
     </span>
     <span class='ocr_line' id='line_1_32' title="bbox 486 4023 1438 4112; baseline 0.002 -24"><span class='ocrx_word' id='word_1_222' title='bbox 486 4024 605 4088; x_wconf 86' lang='lat' dir='ltr'>tissime</span> <span class='ocrx_word' id='word_1_223' title='bbox 621 4024 706 4104; x_wconf 92' lang='lat' dir='ltr'>tulit,</span> <span class='ocrx_word' id='word_1_224' title='bbox 719 4026 793 4089; x_wconf 92' lang='lat' dir='ltr'>licet</span> <span class='ocrx_word' id='word_1_225' title='bbox 807 4023 994 4110; x_wconf 88' lang='lat' dir='ltr'>plerumque</span> <span class='ocrx_word' id='word_1_226' title='bbox 1015 4025 1307 4112; x_wconf 87' lang='lat' dir='ltr'>impatientissimus</span> <span class='ocrx_word' id='word_1_227' title='bbox 1329 4026 1438 4106; x_wconf 87' lang='lat' dir='ltr'>fuerit,</span> 
     </span>
     <span class='ocr_line' id='line_1_33' title="bbox 484 4126 1437 4216; baseline 0 -26"><span class='ocrx_word' id='word_1_228' title='bbox 484 4141 516 4190; x_wconf 92' lang='lat' dir='ltr'>et</span> <span class='ocrx_word' id='word_1_229' title='bbox 532 4140 652 4213; x_wconf 91' lang='lat' dir='ltr'>patrem</span> <span class='ocrx_word' id='word_1_230' title='bbox 677 4126 759 4191; x_wconf 91' lang='lat' dir='ltr'>sicut</span> <span class='ocrx_word' id='word_1_231' title='bbox 781 4126 913 4203; x_wconf 88' lang='lat' dir='ltr'>virtute,</span> <span class='ocrx_word' id='word_1_232' title='bbox 929 4127 974 4191; x_wconf 88' lang='lat' dir='ltr'>ita</span> <span class='ocrx_word' id='word_1_233' title='bbox 997 4128 1082 4192; x_wconf 91' lang='lat' dir='ltr'>vitiis</span> <span class='ocrx_word' id='word_1_234' title='bbox 1105 4142 1276 4216; x_wconf 90' lang='lat' dir='ltr'>superaret.</span> <span class='ocrx_word' id='word_1_235' title='bbox 1320 4127 1437 4193; x_wconf 88' lang='lat' dir='ltr'>Eidem</span> 
     </span>
     <span class='ocr_line' id='line_1_34' title="bbox 485 4226 1438 4317; baseline 0 -26"><span class='ocrx_word' id='word_1_236' title='bbox 485 4226 783 4316; x_wconf 86' lang='lat' dir='ltr'>quoquceleganter</span> <span class='ocrx_word' id='word_1_237' title='bbox 792 4242 822 4292; x_wconf 93' lang='lat' dir='ltr'>et</span> <span class='ocrx_word' id='word_1_238' title='bbox 834 4249 907 4291; x_wconf 90' lang='lat' dir='ltr'>vere</span> <span class='ocrx_word' id='word_1_239' title='bbox 918 4229 1164 4314; x_wconf 85' lang='lat' dir='ltr'>comprehensus</span> <span class='ocrx_word' id='word_1_240' title='bbox 1176 4230 1279 4317; x_wconf 85' lang='lat' dir='ltr'>pirata</span> <span class='ocrx_word' id='word_1_241' title='bbox 1288 4228 1438 4295; x_wconf 89' lang='lat' dir='ltr'>scribitur</span> 
     </span>
     <span class='ocr_line' id='line_1_35' title="bbox 485 4328 1438 4417; baseline 0 -23"><span class='ocrx_word' id='word_1_242' title='bbox 485 4328 690 4416; x_wconf 88' lang='lat' dir='ltr'>respondisse.</span> <span class='ocrx_word' id='word_1_243' title='bbox 718 4332 823 4409; x_wconf 82' lang='lat' dir='ltr'>Quum</span> <span class='ocrx_word' id='word_1_244' title='bbox 840 4330 923 4394; x_wconf 88' lang='lat' dir='ltr'>enim</span> <span class='ocrx_word' id='word_1_245' title='bbox 935 4330 1119 4396; x_wconf 83' lang='lat' dir='ltr'>Alexander</span> <span class='ocrx_word' id='word_1_246' title='bbox 1128 4333 1347 4417; x_wconf 84' lang='lat' dir='ltr'>interrogaret,</span> <span class='ocrx_word' id='word_1_247' title='bbox 1359 4330 1438 4417; x_wconf 91' lang='lat' dir='ltr'>quid</span> 
     </span>
     <span class='ocr_line' id='line_1_36' title="bbox 482 4431 1449 4520; baseline 0 -23"><span class='ocrx_word' id='word_1_248' title='bbox 482 4435 511 4498; x_wconf 90' lang='lat' dir='ltr'>ei</span> <span class='ocrx_word' id='word_1_249' title='bbox 526 4432 688 4499; x_wconf 85' lang='lat' dir='ltr'>videretur</span> <span class='ocrx_word' id='word_1_250' title='bbox 708 4432 796 4520; x_wconf 92' lang='lat' dir='ltr'>quod</span> <span class='ocrx_word' id='word_1_251' title='bbox 818 4454 903 4497; x_wconf 88' lang='lat' dir='ltr'>mare</span> <span class='ocrx_word' id='word_1_252' title='bbox 926 4431 1057 4499; x_wconf 87' lang='lat' dir='ltr'>haberet</span> <span class='ocrx_word' id='word_1_253' title='bbox 1080 4432 1244 4512; x_wconf 87' lang='lat' dir='ltr'>infestum,</span> <span class='ocrx_word' id='word_1_254' title='bbox 1260 4433 1314 4497; x_wconf 90' lang='lat' dir='ltr'>ille</span> <span class='ocrx_word' id='word_1_255' title='bbox 1335 4433 1449 4498; x_wconf 82' lang='lat' dir='ltr'>libera</span> 
     </span>
    </p>
   </div>
   <div class='ocr_carea' id='block_1_3' title="bbox 0 0 1792 5575">
    <p class='ocr_par' dir='ltr' id='par_1_3' title="bbox 0 0 1792 5575">
     <span class='ocr_line' id='line_1_37' title="bbox 0 0 1792 5575; baseline 0 9"><span class='ocrx_word' id='word_1_256' title='bbox 0 0 1792 5575; x_wconf 95' lang='lat' dir='ltr'> </span> 
     </span>
    </p>
   </div>
  </div>
 </body>
</html>
