3575 5575
360 804 431 851 car.
446 789 523 868 xm]
738 805 994 853 rocscnamcus.
1256 794 1317 852 197

359 979 422 1040 que
438 969 593 1024 retractat.
639 956 703 1024 Sed
720 941 1035 1024 veritatis'sementia
1050 970 1158 1024 manet
1173 960 1315 1025 irretrac-

357 1060 476 1124 tabilis.
521 1062 606 1133 Quia
615 1062 745 1146 justitia
759 1062 829 1145 ejus
839 1062 966 1146 justitia
981 1063 1014 1124 in
1029 1070 1196 1135 aetemum,
1213 1072 1245 1124 et
1260 1062 1314 1124 lex

357 1160 427 1244 ejus
441 1163 585 1245 aequitas.
629 1165 659 1227 E
683 1176 794 1227 contra
816 1163 848 1226 in
871 1163 1020 1246 praetorio
1044 1184 1130 1245 saepe
1154 1180 1314 1226 summum

352 1261 417 1346 jus,
434 1284 557 1327 summa
571 1264 685 1348 injuria
700 1276 757 1327 est.
802 1263 960 1346 Quisquis
982 1284 1058 1344 ergo
1079 1263 1245 1347 promittit,
1261 1262 1316 1326 de-

358 1365 441 1428 bitor
466 1378 526 1440 est,
551 1376 583 1428 et
612 1366 754 1429 veritatis
780 1378 912 1445 urgente
938 1366 1106 1440 sententia,
1131 1365 1315 1448 sponsionis
1385 1441 1389 1448 ι

357 1462 454 1528 fidem
471 1467 672 1549 compellitur
687 1466 871 1549 adimplere.
916 1466 1014 1527 Porro
1037 1466 1123 1548 quod
1139 1467 1314 1530 necessitas

355 1579 534 1651 extorquet,
547 1569 678 1649 gratiam
694 1568 816 1630 minuit.
849 1566 946 1629 Unde
962 1565 1041 1629 illud
1053 1567 1311 1650 philosophicum

353 1667 441 1749 quod
451 1668 606 1750 praemisi:
619 1668 806 1730 Promittere
816 1687 857 1729 ne
866 1667 1057 1743 festines‚ne
1069 1687 1167 1749 quum
1174 1667 1312 1731 volueris

354 1788 419 1830 non
436 1768 552 1849 possis,
567 1778 622 1832 aut
636 1768 721 1830 nolis
736 1788 778 1829 ex
796 1766 884 1850 justa
900 1787 996 1829 causa
1012 1789 1108 1850 quum
1124 1767 1240 1848 possis,
1256 1779 1311 1832 aut

353 1886 451 1947 quum
461 1866 606 1929 effeceris
618 1865 750 1946 gratiam
762 1863 889 1948 perdas,
901 1875 956 1926 aut
968 1863 1092 1927 minuas
1099 1886 1108 1941 ;
1125 1885 1163 1928 eo
1175 1864 1263 1948 quod
1279 1876 1310 1930 te

352 1975 425 2029 ante
441 1967 662 2050 illaqueaveris
677 1966 710 2027 in
726 1967 823 2028 verbo
838 1965 902 2027 oris
919 1964 972 2027 tui.
1006 1965 1056 2027 Fit
1069 1977 1177 2028 tamen
1192 1979 1227 2029 ut
1242 1987 1307 2030 non

352 2066 451 2129 modo
467 2068 589 2130 licitum
606 2068 647 2129 sit
667 2067 861 2150 promittere,
878 2065 936 2128 sed
953 2075 985 2127 et
1006 2065 1219 2130 conducibile.
1263 2067 1309 2130 Et

350 2176 385 2230 ut
399 2169 533 2230 aliorum
550 2169 590 2230 ad
606 2188 746 2250 praesens
758 2178 924 2229 taceantur
939 2168 1099 2249 exempla,
1111 2169 1307 2250 paracletum

352 2268 497 2333 Christus
511 2270 581 2352 ipse
597 2268 763 2352 discipulis
778 2283 810 2331 et
825 2267 971 2350 promisit
986 2279 1018 2331 et
1033 2268 1128 2331 misit.
1159 2269 1308 2333 Eisdem-

351 2392 414 2454 que
429 2371 506 2453 quid
518 2369 660 2435 futurum
676 2381 760 2433 esset
773 2370 849 2446 illis,
857 2369 914 2451 qui
925 2369 1033 2432 omnis
1047 2390 1105 2451 pro
1117 2390 1155 2433 eo
1170 2371 1307 2453 relique·

347 2481 429 2544 rant,
445 2472 725 2553 interrogantibus,
741 2470 835 2534 sedes
849 2470 884 2532 in
899 2470 1135 2552 regeneratione
1150 2471 1306 2554 promisit,

351 2582 384 2634 et
393 2571 606 2654 judiciariam,
618 2593 715 2653 quam
725 2594 798 2636 cum
811 2592 850 2633 eo
861 2569 1000 2633 habituri
1013 2582 1095 2645 sunt,
1105 2582 1308 2654 potestatem.

349 2673 404 2734 Ex
423 2673 541 2755 quibus
562 2684 699 2747 constat,
715 2672 802 2754 quod
824 2690 923 2742 causa
940 2670 1148 2753 propositum,
1163 2692 1308 2754 opusque

353 2773 569 2853 commendat,
583 2784 620 2836 ut
639 2773 815 2857 liquentes
837 2771 901 2849 his,
916 2771 993 2861 quia
1015 2793 1078 2834 non
1093 2793 1227 2847 necesse
1249 2783 1308 2853 est,

352 2874 535 2958 philosophi
550 2875 692 2956 regulam
708 2874 821 2937 vitiari.

352 3061 433 3143 Cap.
453 3067 502 3126 12.
531 3064 585 3126 De
609 3064 824 3127 rationalibus
849 3069 880 3126 et
905 3064 1085 3130 secretariis
1110 3062 1309 3139 (licitumst

390 3162 476 3244 quod
488 3167 634 3228 amicitia
654 3186 720 3227 moa
740 3167 806 3228 rrisi
827 3167 864 3226 in
884 3165 975 3227 barris
996 3171 1052 3239 est,
1073 3172 1104 3225 et
1122 3164 1208 3244 quod
1222 3163 1308 3225 diues

379 3267 584 3346 familiarem
596 3270 708 3349 potius
729 3271 891 3349 caprimot
905 3286 1003 3357 qoam
1020 3268 1171 3341 amicum,
1187 3265 1307 3327 cilicet

377 3370 597 3448 familiaritas
605 3372 740 3435 divitum
756 3372 850 3434 utilis
861 3372 1020 3445 videatur,
1031 3391 1114 3451 sepe
1125 3367 1306 3451 periculosa

388 3475 446 3545 eat,
462 3478 492 3533 et
507 3474 592 3552 quod
605 3478 792 3537 innocenter
806 3475 980 3537 vivendum
997 3478 1051 3535 est.

390 3601 458 3663 Suo
474 3602 500 3663 si
522 3625 588 3665 non
605 3605 701 3667 modo
723 3607 942 3688 promissores
959 3606 1015 3668 sed
1038 3607 1304 3685 munuscularios

345 3702 379 3764 in
406 3703 508 3783 gratia
531 3704 619 3766 illius
646 3725 741 3788 quem
768 3715 890 3787 captas,
914 3706 1101 3769 antecedere
1129 3707 1246 3787 pergis,
1272 3718 1303 3779 te

346 3799 521 3867 ratiociniis
537 3804 605 3888 ejus
619 3805 810 3882 immisceas,
825 3827 940 3888 parcas
956 3806 1148 3887 sumptibus,
1164 3827 1202 3868 eo
1218 3808 1306 3889 quod

347 3916 542 3970 secretorum
555 3907 716 3984 conscius,
728 3907 784 3988 qui
799 3907 915 3969 loculis
927 3907 1040 3988 parcit,
1053 3904 1197 3988 diligenti
1208 3909 1306 3991 patri·

347 4006 483 4070 familias
500 4006 667 4091 displicere
683 4029 747 4070 non
764 4019 879 4091 potest.
926 4009 1026 4071 Grata
1041 4018 1115 4072 sunt
1132 4008 1208 4071 vitia
1223 4010 1303 4094 ejus,

348 4108 403 4189 qui
426 4108 658 4173 deformitatem
682 4130 817 4185 morum,
833 4104 1019 4192 sumptuum
1040 4111 1195 4193 parcitate
1218 4133 1305 4175 com·

349 4226 474 4290 pensat.
520 4212 697 4294 Optimum,
720 4224 754 4275 ut
775 4212 821 4275 ait
843 4211 970 4288 Cicero,
989 4211 1016 4273 si
1038 4212 1154 4289 nescis,
1169 4214 1306 4294 vectigal

349 4309 544 4391 parsimonia
569 4322 626 4374 est.
672 4312 794 4375 Tenuis
824 4333 940 4395 parcus
969 4312 1119 4396 impletur
1143 4314 1247 4387 facile,
1274 4325 1306 4377 et

349 4408 500 4471 facillime
517 4409 698 4474 exinanitur
713 4412 866 4495 prodigus
884 4412 982 4475 dives.
1021 4414 1105 4475 Arca
1120 4434 1197 4475 sane
1212 4435 1307 4497 capa·
