3575 5575
157 1308 348 1571 Q
362 1402 411 1457 n

509 229 840 495 adoptas

498 820 560 880 188
755 833 892 878 roanurs
907 832 1185 915 saspsaaarausrs
1301 818 1383 898 [tra.
1400 836 1450 881 111.

496 987 611 1050 danam
627 986 830 1083 cumo-equi
845 985 984 1069 desuper
997 984 1112 1058 adstat,
1128 995 1164 1048 ut
1183 988 1329 1051 homines
1344 996 1449 1051 actus-

497 1107 559 1170 que
569 1068 1323 1172 eorum,etvoluiitatesindesinenterprospiciat.
1339 1090 1449 1160 Quum

497 1188 583 1250 enim
606 1208 716 1249 omnes
739 1197 910 1251 exerceant
931 1186 1128 1261 histrionem,
1150 1187 1291 1271 aliquem
1316 1209 1449 1252 necesse

498 1299 639 1351 estesse
662 1296 885 1371 spectatorem.
928 1287 1451 1384 QRQ

485 1410 572 1494 gups
593 1390 633 1452 ab
657 1388 766 1472 aliquo
788 1409 853 1450 nou
871 1373 1452 1483 videri2quriffinr'cirpppe‘hfflr

499 1474 1453 1585 asat‘use10r'11ffitieit1s.rsu..c.0.rumos..s.arauuu‚

497 1580 609 1673 q'rii‘el
627 1576 859 1673 ip'ii‘luildrum
880 1589 1012 1651 istorum
1034 1587 1236 1651 Circensium
1257 1599 1452 1670 spectatores

500 1700 583 1753 sunt.
628 1691 809 1753 Erubescat
827 1691 946 1773 potius,
966 1690 992 1751 si
1012 1688 1085 1773 quis
1106 1687 1139 1749 iu
1164 1698 1251 1752 tanta
1268 1691 1342 1753 luce
1361 1688 1451 1753 iude·

500 1801 608 1855 center
632 1801 806 1869 moveatur,
830 1800 863 1853 et
888 1812 922 1853 se
946 1800 1048 1853 totum
1069 1789 1298 1853 exercitatione
1323 1789 1453 1853 mimica

504 1891 699 1955 devenustet.

504 2202 583 2287 Cap.
602 2205 652 2264 10.
678 2198 772 2267 Quod
795 2196 858 2260 eibi
876 2218 1024 2281 persone
1049 2208 1259 2280 coaptantur,
1283 2210 1314 2265 et
1340 2203 1452 2282 depre-

546 2305 681 2366 ciantur
701 2300 899 2363 dissociatae:
925 2306 957 2361 et
978 2299 1018 2362 dc
1041 2299 1227 2382 Cleopatra,
1247 2303 1404 2383 Aepueto,
1422 2312 1454 2366 et

549 2406 719 2485 Scipione:
740 2410 771 2464 el
795 2400 880 2485 quod
900 2401 1043 2462 Romani
1063 2403 1206 2465 vanitati
1228 2404 1333 2467 dediti
1354 2413 1452 2474 suatr

548 2514 580 2569 el
595 2506 724 2588 quisset
739 2502 1037 2582 adulatoriaefinie.

549 2680 729 2745 Caranon
750 2677 783 2740 in
809 2675 871 2738 hoc
896 2676 1031 2740 sortuuae
1053 2677 1204 2756 ludibrio,
1225 2700 1371 2762 personae
1394 2680 1457 2744 sibi

505 2783 644 2848 invicem
667 2789 865 2864 coaptantur,
880 2789 915 2842 et
929 2779 956 2843 si
971 2780 1159 2844 altrinsecus
1175 2780 1344 2859 divertant,
1358 2782 1456 2846 totius

507 2895 598 2949 actus
623 2884 722 2947 facies
747 2882 940 2960 immutatur,
960 2894 995 2944 ut
1016 2883 1044 2944 si
1066 2883 1252 2966 Glycerium
1273 2886 1378 2959 tollas,
1401 2893 1456 2947 aut

506 2984 720 3066 Pamphilum.
765 2982 898 3044 Sublato
917 2982 1004 3044 enim
1019 2983 1180 3062 alterutro,
1195 3006 1311 3049 nomeu
1328 2985 1456 3048 alterius
1555 2975 1558 2979 ⁵

506 3085 600 3169 perit,
615 3093 647 3148 et
662 3083 688 3144 si
704 3102 777 3146 cum
792 3082 974 3144 amantibus
993 3084 1207 3166 suspiciosum
1227 3087 1321 3149 tollas
1335 3107 1456 3162 senem,

506 3186 615 3248 nullus
630 3193 688 3262 est,
699 3192 753 3245 aut
766 3181 890 3244 inutilis
905 3182 1036 3244 omnino
1049 3183 1169 3248 Davus.
1198 3187 1289 3249 Hinc
1304 3198 1352 3250 est
1366 3188 1459 3274 illud,

961 3313 1049 3366 Fortis
1059 3316 1086 3366 irr
1098 3317 1177 3367 armis

614 3399 741 3451 Caesareis
754 3398 886 3450 Labienus
898 3403 963 3461 erat,
976 3416 1053 3464 nunc,
1065 3400 1200 3469 bansffiga
1211 3401 1279 3467 vilis,

615 3485 683 3538 Cum
695 3484 759 3536 duce
771 3485 879 3556 privato,
892 3489 974 3536 terras
986 3489 1066 3554 atque
1076 3501 1180 3553 aequora
1190 3486 1291 3540 lustrat.

416 3659 419 3666 r
510 3610 546 3675 Si
567 3608 653 3671 enim
673 3625 835 3689 personas,
856 3604 1009 3686 quaesibi
1030 3616 1246 3682 assueverunt,
1266 3609 1391 3695 sibique
1412 3612 1458 3675 fa·

510 3712 611 3787 ciunt,
630 3708 792 3772 decretum
816 3705 949 3768 fortuuae
972 3705 1135 3786 dissociet,
1159 3709 1196 3774 fit
1216 3712 1403 3796 plerumque
1423 3722 1460 3774 ut

509 3824 643 3897 utraque
655 3810 695 3873 ad
707 3808 813 3872 omnia
828 3806 954 3889 agenda
967 3830 1026 3871 sua
1035 3809 1180 3874 videatur
1193 3812 1312 3894 inepta,
1321 3822 1353 3875 et
1367 3813 1460 3892 quasi

510 3914 645 3976 exclusa
659 3913 779 3974 ratione
795 3908 892 3972 officii
909 3908 1118 3992 depreciatur.
1156 3913 1270 3974 Fracta
1285 3923 1358 3974 sunt
1372 3912 1460 3974 leno-

511 4013 597 4075 cinia
622 4012 815 4092 Cleopatrae,
840 4033 882 4074 ex
909 4033 974 4094 quo
1003 4033 1063 4075 nec
1091 4012 1214 4076 Julium
1239 4013 1370 4088 invenit,
1397 4035 1458 4079 nec

512 4111 696 4173 Antonium.
742 4111 905 4192 Equidem
923 4110 1009 4175 orbis
1025 4113 1175 4175 victorem
1191 4113 1350 4176 Caesarem
1366 4113 1460 4180 donis

512 4211 612 4288 flexit,
639 4219 671 4272 et
695 4209 805 4273 invicti
831 4211 889 4274 viri
916 4214 1163 4296 insuperabilem
1192 4213 1333 4276 animum
1360 4238 1462 4279 mere-

513 4312 622 4376 tricius
649 4310 746 4373 decor
772 4318 804 4372 ct
829 4314 998 4394 prostituta
1028 4314 1124 4376 socies
1150 4317 1318 4397 superavit.
1365 4318 1461 4382 Unde

512 4412 664 4480 lenocinii
681 4411 749 4494 ejus
766 4411 1003 4477 solicitudinem
1020 4424 1116 4496 poeta
1131 4415 1327 4497 exprimens,
1342 4418 1462 4502 adjicit,
