3575 5575
489 742 553 801 214
749 754 886 800 rotuurs
903 754 1182 800 ssunsnnurnusrs
1274 741 1356 822 [mn.
1373 763 1451 807 vui.

493 903 621 993 adjecit,
639 904 700 968 Sed
718 916 809 988 pater
824 926 912 968 meus
928 927 1020 990 raepe·
1064 903 1135 972 Joci
1150 905 1260 992 itaque
1275 910 1449 996 asperitate

494 1007 617 1072 urbana
638 1004 784 1070 notitiam
806 1005 960 1086 omnium,
979 1019 1011 1072 et
1032 1006 1280 1073 familiaritatem
1305 1012 1448 1098 Impera-

493 1108 573 1172 toris
587 1107 647 1170 eibi
661 1106 851 1172 conciliavit.
896 1111 1059 1192 Augustus
1080 1107 1112 1173 in
1128 1109 1302 1176 Pollionem
1318 1114 1450 1200 scripse-

494 1223 545 1274 rat
565 1207 787 1274 Fescenninos.
823 1212 867 1275 At
886 1231 957 1294 ego,
979 1209 1085 1296 iuquit
1106 1210 1218 1292 Pollio,
1240 1225 1339 1279 taceo.
1377 1217 1450 1280 Non

492 1322 541 1376 ast
554 1314 625 1376 leve
638 1308 672 1374 in
687 1331 759 1373 eum
776 1308 910 1376 scribere
925 1309 982 1396 qui
998 1323 1102 1396 potest
1117 1316 1322 1398 proscribere.
1359 1318 1448 1384 Sicut

493 1423 601 1476 autem
623 1432 687 1476 non
708 1408 802 1473 facile
815 1409 1014 1495 concipiebat
1036 1411 1126 1488 iram,
1141 1411 1186 1478 ita
1208 1435 1265 1479 nec
1279 1415 1371 1482 facile
1391 1418 1448 1482 ad·

493 1513 641 1578 mittebat
656 1511 695 1576 ad
713 1511 898 1590 amicitiam
921 1524 953 1575 et
968 1535 1064 1598 quem
1077 1518 1172 1579 semel
1183 1515 1363 1594 admiserat,
1374 1541 1448 1583 con·

494 1613 687 1680 stantissime
707 1612 873 1678 retinebat.
920 1613 1037 1678 Eidem
1055 1615 1139 1680 inter
1159 1617 1247 1682 varia
1259 1619 1414 1686 dedecora
1429 1645 1448 1686 a

494 1715 632 1802 quodum
662 1714 815 1800 probrose
849 1715 1010 1801 objectum
1040 1729 1100 1798 est,
1127 1719 1213 1804 quod
1243 1721 1448 1807 adoptionem

492 1816 640 1883 avunculi
668 1829 781 1901 stupro
805 1816 967 1898 meruerit,
990 1818 1064 1904 quia
1085 1842 1158 1884 eum
1189 1821 1300 1886 Julius
1330 1825 1449 1892 arctius

492 1917 655 1983 admisisse
669 1916 775 1982 dictus
789 1930 848 1993 est,
863 1940 927 1982 non
943 1919 1009 1985 sine
1030 1943 1156 1986 rumore
1170 1937 1337 2008 prostratae
1352 1927 1447 2011 pudi-

493 2017 587 2084 oitioe.
615 2016 712 2083 Alius
724 2041 853 2104 qnoque
864 2019 966 2084 eidem
981 2021 1083 2090 iratus
1093 2024 1220 2114 objecit,
1233 2028 1320 2112 quod
1336 2029 1448 2094 solitus

493 2131 573 2184 esset
588 2140 682 2183 crura
696 2117 820 2184 ardenti
831 2119 900 2185 face
912 2121 1075 2202 suburere,
1086 2148 1150 2210 quo
1162 2126 1287 2192 mollior
1302 2146 1444 2214 surgeret

492 2216 588 2302 pilus.
633 2217 697 2284 Sed
723 2230 754 2283 et
780 2241 819 2282 eo
843 2221 1096 2305 tympanizante,
1119 2236 1157 2288 ut
1178 2229 1211 2290 in
1238 2228 1342 2313 primo
1363 2228 1445 2295 libro

492 2319 611 2390 dixisse
626 2343 677 2384 me
688 2319 834 2387 memini:
859 2321 1021 2402 Vides-ne,
1032 2323 1137 2410 inquit
1153 2328 1294 2414 plebeius
1305 2331 1447 2418 quidam,
1482 2389 1490 2407 ,

493 2433 531 2489 ut
543 2420 683 2485 cinoedus
693 2423 802 2486 orbem
814 2423 915 2508 digito
925 2431 1103 2512 temperat?-
1120 2430 1165 2495 Et
1177 2454 1277 2518 quum
1291 2456 1390 2500 nanus
1401 2437 1444 2501 ob

494 2521 634 2608 eorporis
663 2522 850 2589 brevitatem
889 2529 1092 2594 convitiantis
1125 2533 1289 2619 enjusdam
1320 2537 1444 2623 impetu

494 2622 663 2705 diceretur,
690 2622 752 2690 sibi
780 2623 993 2694 calciamentis
1024 2634 1258 2716 grandiusculis
1288 2639 1442 2706 utendum

493 2747 560 2789 esse
573 2723 747 2813 respondit.
774 2726 920 2795 Tiberius
932 2753 1062 2817 qunque
1077 2755 1178 2823 quum
1190 2737 1223 2803 in
1240 2739 1350 2805 multis
1360 2741 1445 2827 lega-

495 2840 549 2893 tur
571 2827 669 2892 fuisse
694 2829 873 2915 culpabilis,
898 2845 1002 2898 tamen
1029 2835 1182 2905 adversus
1206 2842 1344 2911 convitia
1369 2847 1445 2912 eatis

493 2927 605 2994 firmus
630 2952 667 2994 ac
696 2932 820 3016 patiens
845 2934 965 3013 extitit,
991 2935 1115 3003 dicens:
1157 2942 1233 3028 quia
1257 2946 1290 3009 in
1316 2948 1445 3015 civitate
1535 3027 1539 3035 ,

494 3028 605 3108 libera,
621 3029 748 3116 linguas
762 3032 878 3100 liberas
892 3058 969 3113 esse,
984 3051 1016 3103 et
1039 3055 1159 3108 mentes
1172 3044 1335 3117 hominum
1351 3074 1444 3137 opor·

493 3132 592 3197 tebat.
638 3134 692 3214 Et,
715 3147 751 3200 ut
772 3136 814 3200 ad
829 3138 953 3223 pejores
969 3152 1137 3223 transeam,
1153 3147 1357 3217 Domitianus
1374 3178 1444 3220 ver-

493 3229 607 3295 borum
634 3233 710 3297 satis
735 3235 858 3319 patiens
882 3236 956 3315 fuit,
982 3238 1014 3304 in
1045 3264 1110 3327 quo
1136 3244 1179 3311 sic
1205 3246 1316 3315 lusisse
1340 3252 1443 3321 fertur

492 3344 600 3397 orator
619 3335 784 3405 Luciuius.
830 3342 903 3404 Nou
920 3363 986 3406 esse
1003 3342 1194 3423 mirandum,
1211 3350 1298 3443 quud
1321 3374 1441 3420 aeneam

492 3432 623 3502 haberet
639 3435 782 3515 barbam,
798 3440 850 3504 cui
864 3464 901 3505 os
916 3446 1063 3523 ferreum,
1079 3468 1133 3509 cor
1148 3448 1334 3533 plumbeum
1349 3471 1442 3539 esset,

492 3558 530 3602 eo
544 3537 633 3623 quud
645 3538 727 3603 dura
737 3539 897 3615 duntaxat
908 3543 1109 3631 loquebatur,
1123 3574 1197 3637 quae
1209 3576 1249 3619 ex
1260 3555 1440 3642 iniqnitatis

492 3637 599 3725 adipe,
614 3661 711 3725 quam
727 3640 822 3707 corde
841 3659 1038 3732 conceperat,
1054 3651 1278 3733 procedebant.
1323 3658 1444 3743 Iniqui·

491 3740 568 3804 tatis
581 3740 665 3805 enim
679 3739 788 3806 sedere
802 3741 993 3811 describitur
1011 3769 1106 3839 super
1129 3754 1284 3823 talentum
1308 3758 1441 3844 plumbi.

492 3840 703 3927 Vespasianus
724 3867 855 3931 quoque
876 3845 917 3909 de
940 3871 1007 3933 quo
1029 3849 1060 3914 iu
1083 3852 1167 3919 libro
1189 3859 1338 3936 secundo,
1361 3860 1440 3927 dum

493 3940 789 4027 Hierosolymorum
826 3946 1000 4013 destructio
1036 3950 1277 4034 describeretur,
1307 3960 1441 4025 fecimus

491 4041 693 4118 mentionem,
705 4045 800 4110 etiam
812 4046 1008 4116 infirmorum
1021 4052 1164 4119 convicia
1173 4057 1330 4141 patienter
1342 4061 1417 4126 tulit
1428 4088 1438 4135 ;

491 4144 572 4207 adeo
593 4155 630 4207 ut
655 4167 727 4207 sene
751 4147 891 4217 bubulco
915 4150 1129 4235 proclamante
1154 4156 1185 4227 in
1212 4157 1438 4246 improperium

490 4247 571 4332 ejus,
597 4244 735 4331 Vulpem
759 4248 861 4333 pilum
885 4273 977 4336 posse
1000 4265 1122 4320 mutare
1146 4280 1208 4324 non
1232 4260 1385 4343 animum,
1402 4289 1440 4331 eo

486 4348 575 4435 quud
597 4361 712 4415 natura
734 4351 960 4437 cupidissimus
984 4369 1064 4423 esset
1088 4362 1244 4447 pecuniae,
1258 4388 1316 4431 uec
1338 4370 1438 4435 avari-
