3575 5575
490 795 555 854 260
750 811 887 855 roannrs
904 811 1180 856 sannsnnnrnums
1305 793 1387 873 [mn.
1404 811 1446 858 tv.

496 984 585 1026 secus
610 983 709 1047 aquas
735 961 810 1024 istas
839 960 980 1046 positum
1008 975 1066 1038 est,
1092 984 1155 1026 non
1182 963 1304 1027 arescit.
1350 965 1448 1040 Quod

496 1086 571 1127 vero
588 1064 636 1128 vel
657 1063 810 1128 radicitus
829 1086 893 1126 non
914 1064 1110 1140 humectant,
1125 1062 1323 1141 dissolvitur,
1340 1077 1371 1130 ct
1389 1066 1449 1129 ari-

496 1165 573 1229 dum
596 1166 680 1252 perit
702 1179 854 1250 tanquam
877 1164 995 1250 pulvis,
1019 1187 1114 1251 quem
1141 1163 1268 1250 projicit
1293 1179 1407 1232 ventus
1431 1191 1451 1231 a

497 1268 578 1332 facie
592 1281 695 1334 terrae.
742 1267 829 1330 Hinc
849 1266 980 1353 quidem
1001 1290 1064 1332 non
1085 1267 1183 1330 duces
1202 1281 1352 1353 exceptos
1369 1269 1451 1334 arbi-

497 1380 577 1445 tror,
592 1391 655 1433 non
670 1379 828 1453 potentes,
843 1367 920 1452 quia
942 1388 1053 1452 regum
1075 1367 1177 1452 gloria
1192 1368 1410 1446 transferetur,
1425 1369 1451 1432 si

496 1471 619 1556 injusti,
649 1469 806 1556 injuriosi,
834 1468 1063 1546 contumeliosi,
1092 1467 1214 1532 inventi
1243 1469 1364 1534 fuerint
1393 1482 1448 1534 aut

495 1570 606 1635 dolosi.
651 1571 697 1635 Os
712 1568 867 1656 siquidem
884 1568 1016 1632 Domini
1032 1569 1203 1655 loquutnm
1219 1583 1284 1635 est·
1319 1571 1449 1636 Verum-

497 1684 602 1737 tamen
625 1670 713 1737 salvo
734 1669 898 1737 intellectu
924 1669 1163 1756 sapientiorum,
1191 1693 1252 1734 nou
1277 1672 1319 1736 ab
1344 1694 1378 1735 re
1404 1687 1451 1736 est

499 1776 552 1858 (ut
566 1773 693 1862 opinor)
711 1772 800 1859 quod
820 1771 947 1836 nomina
968 1771 1130 1847 vitiorum,
1152 1771 1312 1837 locutione
1336 1772 1449 1858 plurali

496 1879 657 1962 exposuit,
670 1887 702 1939 et
716 1875 750 1937 in
765 1874 835 1960 ipsa
855 1872 1041 1960 pluralitate
1059 1871 1275 1937 diversitatem
1291 1872 1452 1958 quandam

495 1978 672 2065 prudenter
700 1976 844 2041 inseruit.
888 1977 948 2040 Ait
977 1974 1074 2054 enim,
1098 1986 1137 2039 ut
1165 1974 1357 2060 praedictum
1383 1988 1449 2040 est:

496 2079 582 2154 Quia
596 2100 729 2163 regnum
750 2076 900 2162 degente
921 2075 954 2139 in
975 2088 1103 2162 gentem
1119 2075 1341 2154 transferetur,
1357 2098 1452 2163 prop-

497 2191 548 2244 ter
568 2178 753 2264 injustitias,
768 2190 800 2242 et
822 2177 967 2264 iujurias,
983 2190 1015 2242 et
1030 2175 1250 2257 contumelias,
1264 2191 1296 2243 et
1311 2177 1452 2242 diversos

495 2278 594 2344 dolos.
640 2279 733 2356 Quod
756 2292 862 2341 autem
889 2274 1031 2342 diversos
1052 2279 1085 2341 in
1108 2278 1171 2342 fine
1199 2277 1348 2365 subjecit,
1371 2291 1451 2364 puto

495 2379 706 2445 communiter
734 2377 773 2442 ad
804 2377 911 2442 omnia
945 2376 1158 2453 referendum,
1189 2391 1221 2443 et
1257 2390 1322 2443 tam
1356 2378 1451 2464 pleno

495 2481 738 2567 concipiendum
764 2478 939 2557 intellectu,
963 2491 1083 2544 utnon
1112 2479 1208 2544 modo
1231 2480 1387 2545 referatur
1408 2481 1447 2545 ad

497 2582 637 2647 diversas
659 2583 779 2668 species
798 2579 962 2657 vitiorum,
986 2580 1039 2645 sed
1063 2600 1095 2646 et
1116 2583 1218 2646 varim
1240 2581 1453 2668 figurasper-

497 2707 643 2750 sonarum
671 2682 911 2769 complectatur,
941 2694 973 2747 et
1003 2683 1114 2747 modos
1142 2706 1262 2764 omnes,
1288 2682 1407 2768 quibus
1432 2706 1452 2746 a

497 2809 689 2874 quocunque
708 2786 777 2852 haec
798 2784 876 2850 vitia
897 2784 1149 2851 committuntur.
1195 2785 1347 2870 Princeps
1368 2784 1448 2849 enirn

496 2902 624 2956 tenetur
645 2888 685 2953 de
707 2888 866 2962 omnibus,
881 2905 914 2953 et
929 2888 1071 2952 omnium
1093 2901 1204 2953 auctor·
1226 2910 1294 2951 esse
1311 2888 1451 2966 videtur,

496 2989 689 3076 quicquum
704 2988 810 3051 omnia
824 2989 925 3073 possit
940 2990 1108 3073 corrigere,
1124 3013 1233 3053 eorum
1250 2991 1364 3054 merito
1378 3012 1450 3075 par-

494 3092 594 3177 ticeps
609 3103 667 3167 est,
679 3114 755 3177 quae
768 3089 872 3155 noluit
883 3090 1060 3155 emendare.
1092 3093 1200 3169 Quum
1214 3092 1295 3155 enim
1310 3105 1452 3177 potestas

496 3193 626 3280 publica
648 3192 700 3274 sit,
719 3206 757 3257 ut
780 3190 1000 3278 praediximus,
1021 3192 1162 3257 omnium
1187 3192 1268 3257 vires
1290 3192 1450 3271 exhaurit,

496 3307 529 3359 et
542 3317 582 3359 ne
596 3297 629 3357 iu
645 3318 678 3359 se
693 3294 832 3370 deficiat,
843 3292 1094 3358 incolumitatem
1111 3294 1251 3357 omnium
1268 3292 1363 3357 debet
1378 3316 1451 3379 pro-

493 3418 607 3460 curare
627 3396 851 3460 membrorum.
897 3397 984 3473 Quot
1006 3408 1113 3460 autem
1127 3396 1160 3459 in
1177 3394 1451 3459 administratione

495 3497 692 3586 principatus
705 3511 816 3563 extant
831 3496 944 3579 officia,
959 3511 1007 3563 tot
1023 3510 1096 3563 sunt
1112 3496 1296 3585 principalis
1310 3497 1451 3584 corporis

495 3600 753 3687 quasimembra.
799 3603 887 3664 Dum
911 3613 1018 3666 autem
1041 3599 1239 3685 singulorum
1256 3598 1358 3663 officia
1373 3598 1453 3663 inte-

493 3701 612 3787 gritate
640 3698 785 3777 virtutis,
814 3712 846 3763 et
883 3701 1043 3766 suavitate
1078 3700 1237 3787 opinionis
1274 3712 1451 3778 conservat,

494 3804 654 3889 quandam
670 3801 762 3889 quasi
784 3803 935 3867 membris
951 3803 1118 3868 sanitatem
1144 3816 1296 3889 procurat
1312 3815 1343 3867 et
1359 3802 1452 3865 deco-

492 3926 570 3969 rem.
619 3907 728 3979 Quum
745 3926 821 3966 vero
842 3924 883 3965 ex
904 3902 1098 3986 negligentia
1119 3918 1175 3968 aut
1197 3902 1450 3967 dissimulatione

493 4004 660 4089 potestatis
679 4004 762 4067 circa
783 4002 897 4078 officia,
919 4004 959 4068 sit
982 4004 1108 4069 virtutis
1129 4016 1185 4068 aut
1207 4004 1302 4067 famae
1324 4003 1450 4087 dispen-

490 4104 594 4181 dium,
609 4105 700 4186 quasi
716 4105 750 4167 iu
765 4103 908 4169 membra
929 4106 1010 4189 ejus,
1026 4104 1128 4168 morbi
1143 4117 1175 4168 et
1192 4103 1325 4168 maculae
1346 4103 1454 4193 incur-

491 4221 578 4273 runt.
636 4211 704 4271 Nec
734 4205 789 4270 diu
825 4208 969 4272 subsistit
1000 4204 1202 4273 incolumitas
1238 4206 1362 4293 capitis,
1393 4206 1450 4273 ubi

491 4312 626 4396 languor
641 4307 857 4372 membrorum
872 4307 1047 4372 invalescit.
