3575 5575
422 319 906 618 illidam

499 815 561 874 2⁷6
745 825 881 870 sosnms
899 825 1178 870 sannsssmsuns
1326 808 1408 888 [mn.
1424 827 1455 872 r.

499 977 671 1042 mutatione
686 977 839 1063 neglecta,
850 976 1051 1041 commissum
1068 977 1210 1062 quinque
1222 975 1374 1042 librarum
1386 976 1456 1040 auri

498 1079 757 1144 condemnatione
771 1080 941 1165 plectatur.
987 1079 1067 1154 Quae
1084 1100 1158 1140 vero
1178 1077 1345 1164 privilegia
1360 1079 1457 1142 eccle-

499 1181 615 1245 siarum
627 1180 833 1266 locorumque
846 1178 1084 1255 venerabilium,
1095 1191 1125 1242 et
1139 1179 1356 1243 ministrorum
1370 1193 1458 1259 sunt,

500 1282 610 1346 divino
624 1281 705 1346 liunt
722 1295 754 1346 et
770 1283 911 1347 humano
928 1281 1003 1366 jure
1019 1280 1192 1357 notissima,
1208 1304 1309 1366 quum
1325 1280 1375 1344 vel
1395 1304 1455 1345 usu

495 1385 563 1470 jam
592 1383 723 1469 liqueat,
754 1384 840 1469 quod
871 1405 934 1446 non
964 1394 1098 1469 possunt
1128 1381 1187 1446 nisi
1217 1382 1304 1469 apud
1330 1382 1457 1468 judices

499 1482 724 1547 ecclesiasticos
738 1482 916 1556 conveniri;
938 1494 970 1545 et
987 1481 1098 1567 siquis
1114 1481 1144 1545 in
1161 1481 1301 1568 aliquem
1317 1482 1357 1547 de
1371 1482 1456 1548 clero

500 1582 654 1647 violentas
670 1604 781 1645 manus
795 1582 949 1668 injecerit,
966 1583 1167 1646 anathemate
1183 1582 1328 1660 feriatur,
1344 1596 1381 1648 ut
1397 1583 1456 1648 nisi

499 1706 556 1769 per
572 1687 751 1748 Romanum
768 1683 954 1748 Pontificem
972 1683 1096 1748 absolvi
1111 1707 1173 1748 non
1189 1684 1300 1770 possit.
1345 1687 1455 1772 Hujus

499 1785 639 1850 criminis
664 1785 739 1848 alibi
764 1785 884 1849 frustra
909 1787 1068 1871 quaeritur
1092 1785 1193 1863 venia,
1217 1786 1277 1851 uisi
1302 1786 1455 1852 articulus

499 1888 610 1951 mortis
629 1886 713 1950 forte
732 1887 905 1964 immineat,
922 1888 999 1973 quia
1020 1911 1077 1951 nec
1099 1889 1236 1973 pervim
1257 1890 1455 1974 extorqueri,

498 2011 555 2052 nec
571 1988 687 2073 surripi
708 2000 812 2074 potest
836 2011 893 2074 per
907 1988 1065 2053 fraudem·
1112 1993 1251 2054 Auctore
1275 1989 1454 2056 Claudiano

501 2088 701 2152 Theodosius
717 2089 773 2166 ait,

847 2208 910 2260 Nou
922 2208 1086 2277 extorquebis
1099 2211 1194 2274 amari;

604 2291 664 2346 Hoc
675 2292 775 2346 alterna
785 2293 861 2359 fides,
872 2295 923 2346 hoc
934 2294 1045 2365 simplex
1057 2296 1143 2362 gratia
1155 2296 1243 2348 donat.

498 2397 714 2462 Nihilominus
730 2421 841 2462 verum
856 2411 918 2478 est,
934 2398 1083 2484 quianon
1100 2399 1306 2486 extorquebis
1321 2399 1452 2480 absolvi,

498 2499 585 2583 quod
602 2499 667 2562 sola
682 2500 830 2564 contritio
844 2500 960 2575 cordis,
972 2500 1126 2565 confessio
1142 2499 1215 2580 oris,
1230 2515 1261 2566 et
1278 2501 1452 2566 satisfactio

497 2601 603 2686 operis
622 2615 852 2687 promerentur.
898 2602 1024 2687 Utique
1044 2625 1107 2666 non
1123 2603 1181 2683 vis,
1198 2604 1252 2667 sed
1267 2603 1371 2688 gratia
1386 2602 1454 2668 sola

492 2703 648 2789 justificat
662 2705 806 2790 impium,
818 2718 850 2768 et
866 2704 954 2768 fraus
970 2703 1127 2790 peccatori
1144 2727 1207 2768 non
1222 2705 1363 2791 prodest,
1374 2704 1451 2790 quia

499 2807 639 2892 Spiritus
654 2820 784 2872 sanctus
798 2806 976 2893 disciplinae
991 2807 1104 2892 effugit
1120 2806 1243 2883 lictum,
1255 2830 1312 2873 nec
1327 2806 1450 2872 habitat

497 2910 530 2971 in
546 2933 676 2997 corpore
691 2909 821 2975 subdito
836 2908 983 2996 pcccatis.
1030 2910 1120 2973 Alibi
1139 2933 1189 2974 me
1204 2910 1322 2975 dixisse
1337 2910 1451 2987 recolo,

498 3010 583 3096 qnia,
606 3024 685 3076 teste
708 3034 824 3097 magno
848 3025 939 3098 patre
964 3012 1163 3096 Augustino,
1191 3011 1340 3076 simulata
1362 3011 1452 3075 inno·

497 3114 600 3177 centia
625 3135 687 3177 non
711 3126 758 3178 est
780 3113 969 3194 innocentia,
992 3112 1046 3177 sed
1073 3112 1194 3198 duplex
1222 3113 1354 3193 malitia,
1375 3113 1452 3199 quia

498 3224 530 3275 et
545 3212 666 3279 malitia
681 3227 740 3291 est,
752 3228 784 3278 et
796 3214 968 3280 simulatio.
998 3215 1149 3299 AEquitas
1160 3237 1290 3300 quoque
1306 3212 1453 3277 simulata

497 3326 623 3376 nonest
644 3312 789 3399 oequitas,
804 3313 859 3375 sed
880 3312 1000 3398 duplex
1023 3311 1187 3397 iniquitas,
1202 3311 1278 3395 quia
1298 3310 1452 3394 iniquitas

498 3425 546 3477 est
561 3425 593 3477 et
608 3413 777 3477 simulatio.
825 3414 920 3477 Unde
943 3413 1152 3477 immoderato
1173 3426 1303 3497 stupore
1319 3412 1452 3476 confun-

496 3514 567 3594 dor,
577 3537 680 3601 quum
691 3515 946 3600 frequentissime
962 3514 1098 3593 videam,
1110 3515 1213 3580 nescio
1224 3514 1333 3579 fideles
1347 3537 1387 3579 an
1402 3514 1451 3577 in-

496 3617 605 3683 fideles
626 3617 741 3694 dicam,
764 3618 797 3681 in
824 3617 988 3703 sacrilegio
1012 3618 1199 3704 hujusmodi
1225 3617 1449 3703 deprehensos,

495 3719 536 3783 ad
552 3719 612 3784 hoc
627 3718 703 3783 totis
714 3718 836 3784 viribus
850 3718 1009 3796 anhelare,
1021 3731 1058 3783 ut
1073 3732 1105 3784 et
1121 3720 1215 3783 minis
1230 3733 1261 3783 et
1279 3718 1451 3784 terroribus

495 3835 629 3906 urgeant
640 3821 817 3885 sacerdotes
825 3820 865 3884 ad
878 3818 1107 3883 absolutionem
1119 3820 1343 3906 praestandam,
1353 3842 1450 3906 quam

493 3945 550 3986 nec
572 3924 625 3988 isti
646 3923 782 3989 fideliter
797 3923 884 3999 dare,
901 3944 958 3987 nec
981 3920 1027 3984 illi
1049 3921 1080 3985 in
1104 3923 1305 3987 contumacia
1325 3921 1450 3987 utiliter

492 4022 635 4106 accipere
664 4036 807 4107 possunt.
862 4024 944 4087 Sane
967 4020 1093 4085 facilius
1123 4038 1171 4087 est
1202 4037 1375 4108 utrumque
1401 4024 1449 4086 in·

492 4121 588 4198 volvi,
600 4144 697 4207 quam
713 4124 848 4188 alterurn
863 4127 998 4188 istorum
1014 4123 1169 4209 expediri.
1210 4124 1327 4191 Utrius
1343 4137 1449 4191 tamen

490 4222 587 4308 culpa
608 4222 649 4288 sit
671 4223 811 4306 gravior,
835 4247 897 4287 non
921 4223 1014 4288 facile
1037 4224 1184 4290 dixerim.
1230 4230 1312 4291 Haec
1338 4225 1379 4289 de
1402 4225 1450 4289 his

488 4348 562 4411 quae
577 4325 610 4389 in
626 4325 756 4411 politica
775 4326 1003 4393 constitutione
1024 4326 1201 4408 Plutarchi,
1217 4328 1316 4393 vicem
1333 4331 1447 4393 animae

487 4429 644 4495 obtinent.
