3575 5575
358 801 430 846 car.
448 783 486 862 n]
706 799 962 846 ronrcnnrrcus.
1249 786 1309 846 163

359 950 472 1035 ligunt,
496 950 571 1037 quia
600 951 632 1014 in
664 949 709 1015 cis
739 951 810 1014 lons
840 949 1001 1031 bonitatis,
1030 960 1064 1014 et
1092 950 1231 1016 caritatis
1251 962 1309 1016 est.

359 1053 474 1120 Omnis
500 1052 619 1118 etenim
642 1053 739 1120 virtus
761 1052 907 1138 angelica
923 1065 957 1118 et
979 1054 1129 1131 humana,
1149 1054 1310 1142 quoddam

357 1156 531 1221 divinitatis
545 1155 713 1241 vestigium
734 1167 791 1233 est,
814 1155 959 1220 rationali
980 1166 1135 1221 creaturae
1156 1157 1313 1245 quodam·

356 1259 452 1324 modo
460 1259 661 1345 impressum.
682 1258 816 1345 Spiritus
827 1268 957 1324 sanctus
965 1258 1313 1347 inhabitansimprimit

356 1362 473 1426 animae
499 1359 711 1438 sanctitatem,
737 1361 947 1448 ejusdemque
968 1360 1086 1426 rivulos
1102 1361 1311 1427 multifariam

356 1461 486 1548 spargit,
516 1461 711 1525 diversarum
742 1483 893 1524 exercens
914 1461 1104 1525 charismata
1125 1463 1309 1546 gratiarum.

359 1564 404 1628 Et
417 1563 488 1628 baec
502 1563 581 1628 mihi
604 1561 730 1626 videtur
742 1584 828 1638 vera,
844 1574 878 1626 et
893 1563 988 1627 unica
1009 1563 1212 1628 incolumitas
1225 1565 1312 1646 vitoe,

356 1689 458 1754 quum
467 1688 569 1748 mans,
579 1663 758 1729 vivificante
769 1663 891 1750 spiritu,
903 1665 943 1729 ad
953 1687 1059 1730 rerum
1070 1666 1215 1731 notitiam
1225 1667 1314 1733 illus·

357 1781 468 1847 tratur,
484 1781 518 1834 at
532 1767 717 1833 accenditur
732 1767 773 1832 ad
787 1790 930 1832 amorem
946 1769 1174 1846 honestatis,et
1189 1774 1312 1836 cultum

357 1872 493 1937 virtutis
537 1870 699 1938 Praecedit
712 1891 788 1955 ergo
803 1869 937 1934 scientia
952 1869 1077 1935 virtutis
1088 1870 1221 1948 cultum,
1237 1872 1313 1958 quia

359 1997 454 2039 nemo
466 1985 569 2061 potest
578 1972 716 2038 fideliter
724 1982 887 2058 appetere,
900 1972 986 2059 quod
998 1972 1134 2057 ignorat,
1145 1982 1180 2038 et
1189 1973 1312 2038 malum

358 2076 419 2140 nisi
434 2076 597 2161 cognitum
610 2075 660 2150 sit,
673 2074 794 2138 utiliter
808 2097 872 2138 non
889 2086 1028 2140 cavetur.
1054 2074 1154 2140 Porro
1169 2076 1312 2142 scientiae

357 2177 857 2244 thesaurusnobisduobusmodis
866 2177 1051 2264 exponitur:
1063 2201 1164 2265 quum
1174 2189 1230 2243 aut
1241 2179 1314 2245 rati-

356 2282 427 2347 onis
441 2279 601 2358 exerciti0,
613 2280 697 2368 quod
710 2279 781 2345 sciri
792 2290 896 2367 potest
907 2280 1089 2346 intellectus
1098 2281 1237 2346 invenit:
1254 2295 1311 2348 aut

357 2383 444 2472 quod
454 2382 676 2449 absconditum
692 2393 741 2446 est
756 2380 900 2446 revelans
926 2383 1029 2466 gratia
1043 2382 1143 2447 oculis
1165 2383 1313 2468 ingerens

359 2485 519 2574 patefacit.
543 2485 597 2554 Sic
609 2483 719 2571 utique
731 2495 788 2549 aut
798 2506 857 2570 per
869 2494 1027 2563 naturam,
1040 2497 1097 2549 aut
1110 2485 1313 2571 pergratiam

356 2588 399 2654 ad
408 2585 548 2652 veritatis
554 2584 761 2670 agnitionem,
772 2595 804 2648 et
813 2584 979 2649 scientiam
988 2607 1111 2662 eorum,
1124 2609 1315 2673 quaeneces·

357 2689 439 2754 saria
450 2699 534 2765 sunt,
545 2685 761 2773 unusquisque
774 2685 1047 2771 potcstaccedere.
1073 2686 1234 2774 Quodque
1245 2711 1315 2753 ma-

358 2792 407 2877 gis
418 2792 544 2867 mirere,
557 2790 692 2876 quilibet
700 2789 791 2875 quasi
800 2789 963 2875 quendam
972 2787 1090 2854 librum
1101 2790 1314 2876 sciendorum,

359 2893 462 2959 officio
477 2892 606 2957 rationis
621 2906 779 2978 apertum,
801 2882 885 2977 gerit
900 2891 932 2955 in
954 2892 1060 2957 corde.
1106 2893 1146 2957 Iu
1162 2915 1228 2982 quo
1249 2917 1314 2959 non

359 2995 455 3061 modo
477 2993 648 3059 visibilium
672 2992 803 3080 species,
827 3016 999 3082 rerumque
1029 2997 1173 3063 omnium
1201 3008 1315 3064 natura

358 3096 553 3186 depingitur,
570 3096 625 3162 sed
646 3096 744 3183 ipsius
766 3096 889 3183 opificis
904 3098 1048 3163 omnium
1063 3099 1234 3167 invisibilia
1250 3102 1314 3166 Dei

359 3202 459 3287 digito
483 3198 734 3265 conscribuntur.
781 3200 875 3265 Adeo
897 3200 1029 3286 quidem
1050 3211 1088 3266 ut
1108 3223 1314 3290 nequaquam

358 3304 486 3371 valeant
514 3325 572 3389 per
594 3302 807 3387 ignorantiam
833 3302 989 3385 excusari,
1013 3303 1131 3390 quibus
1155 3305 1315 3372 beneficio

360 3418 493 3487 naturae,
522 3405 573 3470 vel
601 3406 724 3491 gratiae,
753 3406 969 3491 gerendorum
1007 3406 1103 3473 series
1132 3406 1312 3477 innotescit.

361 3508 452 3573 Sicut
467 3508 617 3594 scripturn
639 3522 704 3573 est:
729 3509 826 3586 Quod
841 3508 928 3573 enirn
944 3520 1057 3574 notum
1081 3522 1131 3575 est
1146 3511 1221 3592 Dei,
1244 3536 1314 3577 ma-

360 3612 510 3677 nifestum
522 3620 571 3675 est
585 3611 618 3674 in
632 3611 704 3677 illis.
749 3611 840 3677 Deus
852 3612 939 3677 enim
955 3605 1107 3677 revelavit
1119 3612 1191 3681 illis.
1238 3614 1313 3679 Non

358 3726 467 3781 tamen
491 3724 648 3799 corruptae
670 3724 792 3780 natnrae
814 3714 965 3779 adversus
986 3715 1120 3799 gratiam
1142 3716 1315 3799 magnifico

359 3817 512 3899 fimbrias,
533 3828 589 3881 aut
611 3814 756 3901 phaleras
776 3816 874 3901 erigo,
892 3815 983 3902 quasi
1006 3816 1075 3901 ipsa
1096 3816 1216 3904 aliquid
1236 3818 1314 3884 boni

359 3920 476 3985 habeat
491 3917 578 4006 quod
588 3940 652 3983 nou
668 3918 841 4004 acceperit;
857 3939 958 4005 quum
975 3928 1098 3983 certum
1109 3918 1150 3984 sit
1161 3919 1314 4008 quiasine

305 4064 309 4071 =
359 4044 398 4087 ea
420 4022 499 4086 nihil
525 4044 691 4108 possumus
714 4020 828 4087 facere.
875 4020 1008 4106 Agnitio
1036 4022 1134 4107 igitur
1162 4025 1314 4104 veritatis,

359 4124 526 4211 cultusque
550 4124 684 4200 virtutis,
708 4123 837 4209 publica
859 4124 1068 4210 singulorum,
1098 4137 1132 4190 et
1156 4128 1312 4207 omniurn,

360 4235 394 4287 ct
408 4223 568 4289 rationalis
583 4242 717 4301 naturae,
729 4225 914 4290 universalis
925 4226 1126 4293 incolumitas
1136 4238 1194 4295 est.
1228 4230 1315 4294 Con·

361 4324 493 4389 trarium
519 4348 593 4390 vero
617 4331 687 4414 ejus
713 4328 902 4412 ignorantia,
928 4340 961 4393 et
982 4328 1109 4395 odibilis
1132 4342 1165 4394 et
1186 4331 1316 4395 inimica

361 4449 501 4515 propago
517 4428 596 4513 ejus,
605 4429 718 4494 vitium
734 4443 791 4495 est.
830 4433 876 4495 Et
891 4442 978 4495 recte
993 4431 1125 4517 quidem
1141 4433 1320 4516 ignorantia

808 4542 870 4597 raa
