3575 5575
532 797 592 855 114
778 807 915 853 rossum
930 805 1210 851 sanusnsnrausrs
1344 786 1429 866 [nm.
1445 808 1481 852 ιι.

530 969 621 1024 tanta
640 983 706 1024 suae
729 955 913 1024 stabilitatis
935 955 1154 1021 incolumitate
1177 954 1262 1040 viget
1283 967 1316 1020 et
1334 955 1426 1033 vivit,
1441 969 1480 1020 ut

532 1062 622 1126 nullo
644 1083 749 1125 rerum
766 1072 854 1125 motu
870 1058 1007 1136 concuti,
1022 1057 1112 1121 nulla
1133 1057 1232 1144 possit
1247 1058 1410 1144 temporis,
1423 1069 1481 1121 aut

533 1185 622 1229 casus
637 1162 850 1227 mutabilitate
865 1159 1009 1224 convelli.

441 1491 444 1496 -
533 1445 611 1529 Cap.
628 1451 681 1508 22.
709 1446 801 1519 Quod
814 1461 854 1507 aa
870 1443 1095 1525 possibilium
1109 1448 1266 1522 aequatur
1279 1444 1483 1525 impossibile,

574 1555 605 1609 et
625 1547 703 1626 quid
719 1567 759 1609 eo
772 1566 834 1626 quo
848 1545 1027 1607 necessario
1044 1550 1259 1624 consequatur
1279 1548 1367 1608 novit
1382 1547 1483 1608 Attis-

575 1649 687 1724 aimus,
701 1649 758 1728 qui
772 1648 877 1709 omnio
893 1647 979 1707 solus
993 1650 1105 1726 potest.

574 1784 694 1844 Iusrns
704 1791 809 1843 tamen
821 1777 941 1854 dicens,
951 1777 1010 1840 nisi
1021 1775 1160 1842 evenerit
1169 1774 1291 1863 aliquid
1301 1778 1389 1865 quod
1401 1801 1483 1864 prte-

531 1880 622 1958 vidit,
633 1880 712 1944 illud
727 1892 814 1943 certa
829 1878 1058 1962 significatione
1072 1878 1295 1963 complectens,
1305 1880 1389 1944 forte
1402 1882 1483 1968 lapi·

532 1981 603 2044 dem
627 2002 807 2043 recasurum
830 1980 862 2042 in
886 1993 1012 2057 terram,
1027 1979 1152 2044 fallitur
1172 1979 1349 2066 dispositio.
1396 1980 1482 2054 Quia

531 2105 607 2167 ergo
623 2082 704 2167 lapis
726 2105 788 2146 noo
812 2082 952 2146 recidere
974 2095 1090 2168 potest,
1109 2083 1204 2168 jubes
1219 2105 1269 2148 me
1292 2083 1332 2147 de
1356 2083 1483 2149 duobus

531 2186 656 2270 eligere,
672 2207 808 2270 quorum
824 2198 975 2248 neutrum
991 2185 1202 2249 communiter
1219 2187 1427 2272 approbatur,
1444 2199 1481 2252 ut

530 2291 581 2353 vel
595 2290 697 2353 fatear
711 2288 941 2374 providentiam
958 2312 1049 2375 posse
1063 2289 1143 2365 salli,
1159 2289 1247 2375 quod
1262 2289 1342 2354 iides
1363 2290 1480 2354 abhor-

529 2403 590 2467 ret,
608 2391 668 2470 vel,
690 2390 777 2475 quod
800 2390 955 2454 absonum
978 2403 1037 2469 est,
1061 2414 1101 2455 ex
1122 2391 1265 2478 possibili
1286 2391 1480 2477 impossibile

429 2523 435 2534 =
529 2491 749 2557 consecutione
778 2513 854 2554 vera
887 2492 1079 2556 consentiam
1115 2495 1251 2558 evenire.
1309 2495 1480 2577 Angustiae

527 2595 657 2682 quidem
682 2604 757 2657 sunt
781 2593 936 2680 undique.
990 2595 1086 2672 Hinc,
1109 2616 1148 2658 ne
1173 2595 1312 2659 divinam
1340 2599 1481 2661 minuam

526 2699 744 2783 majestatem
774 2696 859 2773 inde,
882 2719 923 2758 oe
945 2701 1119 2762 multorum
1142 2696 1333 2762 clamoribus
1353 2712 1385 2763 et
1412 2722 1481 2763 sen-

528 2801 649 2876 tentiae,
673 2801 829 2886 quaejam
853 2798 920 2862 fere
942 2799 1087 2864 omnibus
1108 2822 1259 2884 persuasa
1280 2814 1341 2879 est,
1357 2813 1480 2865 contra-

528 2903 641 2966 dicam.
681 2901 743 2965 Sed
760 2901 836 2985 quia
851 2901 1023 2966 melius'est
1038 2901 1175 2967 incidere
1190 2901 1221 2965 in
1239 2902 1364 2988 linguas
1378 2904 1479 2968 horni-

527 3026 617 3083 nmn,
644 3026 739 3089 quam
768 3004 865 3088 impie
891 3006 1009 3068 versari
1038 3004 1071 3066 in
1103 3008 1220 3080 Deum,
1248 3007 1274 3068 si
1304 3020 1479 3092 utrumque

527 3106 630 3169 vitare
651 3126 714 3167 non
737 3124 879 3189 possum,
896 3105 1033 3168 absonus
1055 3103 1139 3166 malo
1160 3104 1272 3185 videri,
1287 3129 1385 3191 quam
1406 3130 1478 3192 per·

528 3207 622 3271 fidus.
660 3206 813 3269 Nondum
828 3208 945 3269 etenim
957 3205 1108 3269 omnibus
1119 3227 1306 3291 persuasum
1318 3221 1376 3282 est,
1389 3206 1479 3292 quod

528 3331 568 3372 ex
583 3307 724 3392 possibili
739 3306 932 3391 impossibile
948 3329 1009 3370 non
1026 3317 1187 3391 sequatur.
1226 3310 1310 3371 Nam
1327 3306 1386 3370 hoc
1401 3330 1480 3370 non-

526 3406 606 3472 nulli
621 3407 797 3492 recipiunt;
822 3406 876 3470 sed
892 3429 931 3469 an
948 3418 1043 3487 recte,
1055 3404 1193 3469 viderint
1205 3405 1265 3491 ipsi
1277 3418 1308 3470 et
1319 3405 1477 3491 judicent.

527 3514 569 3575 At
587 3522 623 3571 u't
639 3531 678 3572 ex
694 3530 768 3571 vero
791 3508 908 3571 falsum
931 3519 1095 3594 sequatur,
1111 3528 1204 3569 nemo
1227 3510 1351 3592 sapiens
1372 3514 1479 3595 acqui-

527 3610 613 3675 escit.
659 3610 774 3673 Verum
792 3609 949 3696 siqnidem
965 3632 1005 3672 ex
1021 3608 1101 3672 falso
1117 3609 1262 3694 sequitur
1276 3623 1308 3674 et
1325 3633 1410 3688 vero,
1423 3611 1478 3674 sed

465 3698 470 3703 ¹
526 3735 566 3777 ex
590 3734 677 3789 vero,
702 3734 764 3775 noo
791 3710 851 3775 nisi
876 3733 998 3776 verum.
1043 3714 1097 3775 Ex
1120 3711 1262 3797 possibili
1290 3733 1420 3798 quoque
1445 3724 1477 3776 et

525 3813 722 3900 impossibili,
737 3812 898 3877 interdum
923 3812 1072 3897 possibile
1087 3816 1253 3899 sequitur,
1284 3836 1348 3876 non
1372 3826 1477 3877 tamen

527 3937 566 3977 ex
582 3914 696 3998 quovis
711 3912 901 3999 impossibili
916 3914 1023 3976 omnia
1039 3913 1255 3997 impossibilia.
1301 3912 1371 3977 Nisi
1395 3914 1479 3977 forte

462 4034 466 4042 ’
525 4011 611 4075 aliud
628 4011 687 4075 tibi
701 4014 914 4095 persuaserint
925 4011 983 4091 illi,
993 4034 1131 4096 quorum
1148 4016 1175 4076 si
1185 4012 1290 4075 omnia
1301 4036 1376 4076 vera
1391 4026 1478 4089 suot,

525 4134 563 4175 ex
581 4133 646 4173 uno
669 4112 865 4196 impossibili,
881 4126 1062 4198 sequuntur
1085 4113 1191 4176 omnia
1213 4114 1430 4199 impossibilia,
1445 4128 1477 4180 et

525 4236 564 4277 ex
589 4212 702 4297 quovis
725 4212 816 4288 falso,
832 4211 985 4298 quaelibet
1009 4213 1099 4277 falsa.
1145 4216 1268 4279 sivero
1286 4216 1478 4281 obtinuisses

523 4338 564 4379 ex
579 4334 653 4376 vero
668 4311 796 4388 falsum,
807 4315 882 4398 jure
894 4333 926 4377 et
942 4336 981 4378 ex
997 4316 1152 4377 sententia
1162 4317 1317 4391 omniurn,
1329 4337 1479 4400 quererer

521 4440 572 4485 me
598 4438 617 4479 a
646 4413 756 4485 semita
783 4415 925 4479 veritatis
950 4415 1142 4480 abductum.
1194 4419 1268 4481 Non
1294 4429 1398 4481 tamen
1429 4417 1478 4482 liis
