3575 5575
332 818 403 864 cnr.
419 799 495 878 xm]
685 811 941 858 eonrcnxmcus.
1242 798 1283 856 79

331 963 465 1050 generis,
487 964 638 1050 temporis
658 963 872 1050 perpetuitate
892 973 1084 1047 compensat.
1122 961 1214 1025 Mors
1236 975 1283 1026 et·

332 1065 413 1129 enim
435 1065 499 1147 illa,
515 1065 623 1150 Moysi
645 1065 758 1128 faciem
779 1063 901 1128 detexit
917 1063 1083 1143 universis,
1098 1074 1285 1149 perpetuam

332 1169 483 1234 duritiam
499 1168 601 1244 scidit,
615 1181 646 1233 et
663 1167 901 1232 resurrectionis
912 1167 1069 1252 primitias
1083 1169 1116 1231 in
1132 1178 1281 1230 aetemam

331 1269 475 1335 laetitiam
499 1269 689 1334 introduxit.
736 1267 797 1332 Illa
819 1290 950 1353 quoque
972 1291 1047 1354 quae
1068 1268 1151 1331 diem
1169 1267 1284 1350 judicii

333 1367 509 1454 praevenire
520 1366 681 1442 dicuntur,
694 1388 751 1451 per
762 1364 830 1429 dies
844 1386 898 1441 xv,
910 1365 936 1428 si
952 1378 1056 1429 tamen
1071 1365 1183 1429 futura
1197 1377 1284 1440 suut,

334 1469 483 1555 quoniam
515 1466 555 1531 de
584 1467 740 1552 scriptura
766 1467 930 1531 Canonica
957 1466 1191 1529 firmamentum
1222 1487 1285 1529 non

335 1570 465 1644 habent,
494 1580 617 1633 nuturae
647 1569 771 1652 legibus
801 1568 930 1631 minime
959 1565 1182 1652 subjacebunt,
1207 1567 1286 1631 dum

337 1685 441 1736 tamen
453 1686 595 1736 naturam
608 1669 670 1746 hic,
680 1682 717 1733 ut
732 1670 764 1733 in
775 1669 853 1733 locis
864 1689 960 1755 quam
972 1668 1132 1753 pluribus,
1143 1668 1287 1732 dicamus

336 1773 464 1836 solitum
481 1792 608 1834 cursum
625 1793 741 1848 rerum,
757 1783 814 1834 aut
829 1792 939 1834 causas
953 1768 1092 1834 occultas
1105 1784 1285 1856 eventuum,

337 1897 474 1959 quarum
490 1874 571 1937 ratio
586 1873 675 1937 reddi
690 1885 804 1958 potest.

341 2147 420 2232 Cap.
447 2151 496 2209 12.
519 2147 617 2209 Nihil
643 2154 755 2210 contro
784 2155 952 2222 naturam,
982 2154 1113 2210 auctora
1143 2148 1289 2221 Platone,

404 2250 597 2329 contingere,
613 2252 672 2329 qui
687 2255 843 2311 naturum
858 2251 935 2311 dicit
950 2249 1014 2312 Dei
1028 2251 1233 2312 voluntalem.

386 2381 423 2444 Sr
446 2402 520 2444 vero
547 2380 712 2445 Platonem
740 2382 903 2467 sequimur
926 2383 982 2466 qui
1008 2383 1119 2446 asserit
1145 2393 1290 2446 naturam

343 2505 410 2546 esse
436 2483 497 2546 Dei
525 2483 735 2560 voluntatem,
757 2484 902 2567 profecto
925 2484 1004 2548 nihil
1029 2485 1163 2549 istorum
1186 2485 1292 2548 evenit

343 2598 454 2650 contra
471 2595 632 2665 naturam,
646 2608 747 2670 quum
770 2585 824 2649 ille
838 2587 945 2649 omnia
966 2609 1168 2674 quascunque
1190 2586 1292 2650 voluit

343 2688 463 2752 fecerit.
511 2687 570 2751 llle
594 2687 724 2772 quidem
748 2686 824 2751 dum
847 2711 953 2750 rerum
977 2711 1085 2752 causas
1110 2688 1293 2773 exequitur,

344 2790 438 2853 linem
454 2790 595 2853 omnium
612 2789 751 2851 divinam
776 2790 891 2853 astruit
913 2790 1098 2854 bonitatem.
1144 2790 1294 2875 Optimus

345 2902 405 2968 est,
431 2890 545 2974 inquit.
606 2891 704 2952 Porro
735 2891 775 2954 ab
804 2888 927 2974 optimo
957 2889 1050 2975 longe
1078 2890 1219 2976 relegata
1247 2903 1295 2954 est

346 2995 447 3056 omnis
460 2991 590 3056 invidia.
638 2993 755 3075 Itaque
777 3007 1005 3076 consequenter
1019 3006 1133 3058 cuncta
1147 2994 1195 3058 sui
1212 2991 1296 3056 simi-

347 3093 399 3171 lia,
425 3106 521 3179 prout
548 3104 662 3157 natura
689 3094 847 3179 cujusque
871 3093 1077 3158 beatitudinis
1100 3117 1200 3180 capax
1227 3118 1294 3159 csse

346 3208 483 3282 poterat,
501 3196 580 3259 effici
605 3195 716 3273 voluit,
733 3219 829 3281 quam
851 3196 981 3282 quidem
1004 3197 1066 3259 Dei
1088 3197 1298 3276 voluntatem,

347 3299 553 3363 certissimam
570 3321 676 3362 rerum
692 3298 844 3383 originem
867 3322 943 3373 esse,
961 3298 985 3362 si
1001 3298 1073 3384 quis
1087 3310 1196 3383 ponat,
1211 3311 1297 3362 recte

347 3422 420 3464 eum
448 3414 561 3487 putare
584 3400 786 3465 consentiam.
832 3404 876 3465 Et
900 3399 1031 3486 quidem
1055 3399 1209 3485 sapientia
1235 3402 1298 3463 Dei

348 3512 381 3564 et
409 3499 546 3578 bouitaS,
575 3523 648 3584 quae
677 3500 772 3563 rebus
800 3499 947 3564 omnibus
982 3500 1137 3586 originem
1166 3501 1300 3585 praebet,

350 3612 465 3665 natura
489 3600 661 3664 rectissime
686 3601 884 3688 appellatur:
923 3594 1034 3668 contra
1059 3626 1156 3687 quam
1187 3602 1300 3688 utique

352 3699 429 3763 nihil
456 3699 504 3775 lit,
525 3698 602 3783 quia
625 3700 861 3785 dispositionem
885 3705 947 3768 Dei
970 3704 1049 3767 nihil
1075 3716 1219 3780 evacuat,
1242 3715 1299 3766 aut

351 3823 461 3864 causas
475 3823 550 3885 quae
572 3800 604 3861 in
628 3815 733 3864 mente
754 3800 849 3874 illius,
867 3803 923 3887 qui
938 3802 1012 3867 fecit
1035 3803 1130 3867 coelos
1151 3805 1185 3866 in
1207 3802 1301 3866 intel-

351 3902 448 3979 lectu,
464 3903 505 3965 ab
520 3914 639 3965 aeterno
653 3902 875 3982 constiterunt,
890 3925 948 3967 suo
962 3904 1067 3989 privat
1083 3905 1209 3971 effectu.
1248 3907 1302 3969 Iu·

353 4020 427 4068 sunt
456 4003 566 4089 itaque
598 4003 704 4083 rebus,
734 4002 898 4068 seminales
926 4017 1097 4072 eventuum
1126 4030 1241 4087 causae,
1269 4020 1302 4071 et

354 4105 534 4190 originariae
549 4107 696 4184 rationes,
708 4128 782 4191 quae
796 4106 1011 4190 praeordinato
1026 4120 1166 4193 tempore
1180 4108 1213 4172 in
1229 4131 1303 4173 suos

354 4206 531 4290 procedunt
545 4207 687 4283 effectae,
703 4231 741 4271 ex
759 4231 796 4271 en
810 4208 940 4293 quidem
957 4211 1128 4287 mirabiles,
1137 4234 1199 4276 non
1216 4212 1301 4298 quod

355 4306 466 4379 nullas,
483 4308 537 4371 sed
553 4309 638 4392 quod
654 4310 880 4375 occultissimas
896 4311 1034 4377 habeant
1049 4314 1194 4378 rationes.
1230 4316 1303 4377 Hu-

356 4427 426 4470 mor
440 4406 597 4491 siquidem
614 4408 654 4472 de
668 4411 788 4475 intimis
804 4425 897 4475 terrae
908 4413 1090 4489 visceribus,
1103 4414 1142 4477 ab
1154 4415 1303 4478 arborum
