3575 5575
326 803 396 849 can.
413 789 503 868 xxa]
660 802 915 850 conveniamus.
1220 795 1279 852 129

326 958 350 1021 si
366 957 406 1020 de
422 956 601 1022 testimonio
615 955 744 1020 dubitas
760 956 900 1041 Spiritus
914 955 1037 1021 sancti?
1075 959 1127 1020 An
1145 957 1278 1039 negabis

326 1059 453 1122 Esaiam
467 1059 595 1135 dixisse,
609 1059 650 1120 In
660 1056 774 1144 spiritu
787 1058 929 1121 morieris
938 1073 971 1122 et
983 1080 1046 1122 non
1059 1059 1161 1123 vives?
1188 1056 1277 1122 Vixit

326 1173 430 1223 tamen
442 1172 473 1224 et
486 1182 549 1222 non
561 1173 705 1224 mortuus
716 1175 774 1233 est,
787 1157 920 1243 adjectis
934 1159 962 1222 ei
978 1160 1067 1224 antris
1081 1158 1277 1244 quindecim,

325 1283 381 1346 per
396 1259 640 1324 misericordiam
656 1261 737 1345 ejus,
752 1260 808 1346 qui
825 1261 1008 1326 futurorum
1024 1271 1154 1327 eventus
1169 1260 1201 1324 in
1217 1283 1276 1326 sua

325 1364 432 1448 posuit
462 1376 628 1449 potestate.
672 1366 717 1426 Et
748 1362 831 1425 forte
862 1377 1007 1438 mortem,
1034 1385 1130 1449 quam
1161 1376 1278 1427 natura

326 1463 538 1549 vitaliumque
555 1464 701 1527 defectus
715 1463 928 1540 intentabant,
944 1463 1019 1549 quia
1034 1465 1086 1528 ille
1100 1487 1158 1550 per
1174 1465 1279 1550 poeni-

326 1567 458 1629 tantiam
482 1576 627 1628 mortuus
649 1577 697 1627 est
719 1565 750 1626 in
774 1563 879 1649 culpa,
903 1564 1034 1628 ulterior
1055 1566 1277 1631 comminantis

328 1666 387 1729 Dei
417 1665 581 1729 absorbuit
613 1665 836 1729 misericordia.
898 1664 1012 1728 Achab
1041 1689 1171 1752 quoque
1201 1668 1277 1731 Rex

324 1768 542 1853 impiissimus,
562 1790 659 1853 quum
681 1766 814 1830 Jezahel
837 1788 897 1829 non
914 1781 978 1830 tam
1001 1769 1161 1852 conjugio,
1177 1791 1276 1854 quarn

324 1867 515 1933 crudelitate
535 1870 715 1954 conjuncta,
731 1889 829 1953 quum
847 1868 970 1932 vineam
984 1869 1086 1933 sancti
1110 1870 1276 1936 Nabuthae

323 1993 435 2034 cruore
445 1970 644 2056 possedisset,
653 1982 788 2034 mortem
797 1971 1025 2047 imminentem,
1036 1970 1275 2056 praenunciante

324 2072 475 2148 Domino,
491 2071 707 2158 exspectabat.
753 2071 786 2134 si
802 2071 880 2135 mihi
897 2095 959 2134 non
976 2071 1090 2153 credis,
1104 2073 1191 2158 quod
1206 2097 1277 2137 eam

325 2177 413 2238 Deus
433 2173 500 2258 ipse
519 2173 795 2258 praenunciaverit‚
811 2172 887 2237 audi
912 2173 1050 2237 Heliam.
1096 2175 1154 2239 Ait
1170 2174 1273 2238 enim:

324 2277 405 2340 Haec
414 2274 492 2340 dicit
504 2275 676 2340 Dominus:
694 2275 847 2340 Occidisti
861 2288 892 2340 et
906 2274 1084 2361 possedisti.
1109 2276 1272 2362 Itemque:

325 2379 363 2440 ln
385 2399 451 2461 quo
471 2377 539 2440 loco
558 2376 720 2441 linxerunt
744 2400 836 2440 canes
859 2377 1045 2458 sanguinem
1065 2377 1207 2458 Naboth,
1229 2378 1274 2442 ibi

322 2478 445 2560 lingent
464 2478 649 2562 sanguinem
673 2492 778 2555 tuum,
792 2489 824 2542 et
846 2478 979 2542 Jezabel
1001 2500 1094 2542 canes
1109 2479 1277 2545 comedent

322 2590 394 2642 ante
404 2603 511 2643 muros
520 2581 544 2641 J
546 2579 657 2645 ezrael.
682 2580 774 2656 Quod
787 2600 886 2665 quum
898 2579 1038 2643 audisset
1049 2580 1170 2655 Achab,
1181 2581 1275 2645 scidit

321 2681 509 2745 vestimenta
524 2703 590 2755 sua,
607 2693 638 2744 et
655 2683 761 2764 posuit
782 2702 907 2744 saccum
924 2702 1020 2763 super
1034 2703 1158 2744 carnem
1175 2704 1275 2757 suam,

317 2781 542 2867 jejunavitque
565 2796 597 2844 et
625 2779 776 2843 dormivit
800 2780 833 2842 in
858 2778 971 2842 cilicio.
1018 2781 1202 2866 Factusque
1225 2795 1274 2848 est

321 2902 424 2945 sermo
443 2881 572 2945 Domini
591 2882 632 2945 ad
646 2880 775 2944 'Heliam
793 2880 920 2945 dicens:
953 2882 1039 2956 Quia
1057 2883 1211 2947 reveritus
1225 2899 1275 2950 est

323 2983 437 3047 Achab
457 2982 568 3046 faciem
591 3005 705 3058 meam,
721 3004 782 3046 nou
805 2981 953 3047 inducam
974 2983 1093 3046 malurn
1111 2984 1143 3046 in
1160 2984 1278 3049 diebus

320 3083 400 3168 ejus.
444 3083 529 3145 Ecce
544 3105 639 3168 poena
653 3104 728 3167 quae
746 3083 924 3146 debebatur
940 3084 1067 3160 Achab,
1080 3084 1159 3171 quia
1172 3085 1273 3170 poeni-

321 3187 451 3249 teutiam
464 3188 541 3268 egit,
554 3184 703 3248 differtur
713 3184 745 3247 in
759 3197 913 3270 posteros,
924 3196 955 3248 et
970 3186 1098 3249 Jezabel
1110 3187 1144 3248 in
1157 3185 1273 3250 scelere

320 3309 522 3372 perseverans
542 3286 691 3372 praesenti
702 3286 826 3373 judicio
843 3285 1084 3353 condemnatur.
1131 3288 1205 3351 Una
1220 3311 1271 3351 ea·

318 3388 455 3473 demque
485 3388 548 3452 fuit
579 3389 745 3463 sententia,
775 3409 847 3473 quae
877 3390 1063 3473 sanguinem
1095 3389 1208 3453 Achab
1238 3403 1269 3455 et

318 3490 451 3553 Jezabel
480 3491 612 3554 canibus
643 3491 835 3576 exponebat.
879 3494 925 3555 Et
956 3504 1059 3554 tamen
1091 3515 1149 3578 pro
1178 3504 1270 3576 parte

319 3604 475 3667 mutatur,
491 3604 522 3655 et
539 3614 598 3677 pro
621 3606 712 3677 parte
727 3606 833 3656 manet
849 3592 1029 3663 immobilis,
1046 3606 1174 3658 auctore
1191 3605 1269 3656 tem-

318 3715 433 3777 porum
464 3692 507 3755 sic
533 3692 639 3755 omnia
664 3692 876 3777 dispensante.
922 3695 975 3759 Sic
998 3705 1031 3756 et
1059 3693 1223 3767 Ninivitas,
1250 3716 1270 3756 a

318 3794 466 3879 praesenti
487 3792 613 3856 excidio
637 3792 772 3869 liberati,
795 3793 925 3857 Domini
940 3793 1056 3856 flexere
1071 3795 1270 3869 sententiam,

317 3918 355 3958 ex
372 3894 476 3959 edicto
493 3896 574 3978 regis
590 3906 620 3957 et
638 3895 831 3979 principum,
848 3908 978 3977 agentes
995 3894 1213 3979 poenitentiam
1229 3896 1271 3959 ad

317 3996 572 4080 pradicationem
595 3998 698 4058 Jonae.
745 3996 912 4081 Numquid
934 3996 992 4059 tihi
1017 3996 1145 4060 videtur
1169 3997 1272 4061 verior

317 4109 348 4161 et
364 4098 487 4162 fidelior
509 4098 778 4165 sententiadovis
799 4112 829 4162 et
854 4100 981 4179 Martis,
997 4120 1092 4185 quam
1115 4102 1271 4165 sententia

316 4201 486 4263 creatoris?
526 4202 597 4263 Non
622 4202 733 4287 utique
756 4200 863 4266 Plauti
887 4200 1017 4265 consilio
1037 4201 1228 4284 acquiesces,
1245 4202 1271 4264 si

317 4299 402 4361 istud
428 4300 543 4365 virium
566 4302 701 4387 planetis
716 4302 932 4389 adscripseris.
979 4304 1085 4379 Quium
1106 4302 1187 4365 enirn
1212 4304 1271 4386 Sy-

317 4397 477 4485 cophanta
505 4403 756 4486 Mandrogerum
784 4413 1057 4487 percunctaretur,
1078 4424 1118 4463 an
1141 4402 1187 4465 illi
1209 4402 1273 4466 sint
1319 4486 1322 4490 φ

363 4520 434 4566 von.
454 4520 505 4566 111.
790 4524 811 4568 Κ
