3575 5575
340 823 410 868 cna.
425 807 548 886 xxvix]
689 825 944 872 nonroxsrrcos.
1234 813 1295 872 145

340 973 385 1038 tia
410 974 537 1051 deserit,
563 975 646 1039 flunt
676 997 798 1061 semper
828 974 997 1041 novissima
1021 975 1106 1040 illius
1135 977 1293 1042 deteriora

339 1073 508 1160 prioribus.
555 1077 716 1160 Sacrilegii
730 1078 833 1162 igitur
848 1079 1042 1163 Pythonissa
1055 1084 1182 1142 conscia
1196 1101 1293 1164 expa-

339 1177 447 1256 vescit,
462 1190 493 1240 et
516 1189 691 1262 potestasa
714 1179 852 1242 Domino
869 1183 1042 1243 constituta
1063 1179 1104 1242 ad
1128 1179 1292 1260 sacrilegia

338 1278 501 1343 evellenda
515 1279 592 1342 alias
614 1279 743 1364 quidem
761 1280 882 1360 timida,
903 1303 1004 1365 quum
1027 1280 1154 1365 negotia
1168 1280 1290 1366 populi,

340 1403 412 1444 cum
436 1379 557 1444 domini
580 1381 663 1444 bella
685 1393 853 1465 geruntur,
873 1382 1017 1446 idolatris
1038 1396 1170 1468 praestat
1192 1381 1292 1448 auda·

340 1481 431 1558 ciam,
446 1494 478 1544 et
494 1481 663 1564 sacrilegiis
680 1486 796 1566 regiam
820 1484 1038 1547 accommodat
1060 1484 1291 1548 auctoritatem.

246 1575 248 1580 ¹
294 1595 296 1599 ’
342 1582 483 1658 Ariolos,
499 1582 605 1665 inquit
620 1582 789 1658 Dominus,
811 1592 844 1646 et
856 1605 966 1665 magos
979 1603 1020 1644 ne
1031 1584 1162 1668 patiaris
1173 1586 1291 1647 vivere.

342 1686 389 1747 At
404 1682 457 1745 ille
473 1681 513 1747 ad
529 1705 625 1767 quem
641 1705 743 1746 sermo
762 1682 824 1746 Dei
839 1682 1000 1766 dirigitur,
1016 1697 1048 1748 et
1069 1684 1127 1769 qui
1148 1684 1291 1768 gladium

342 1794 450 1869 portat
465 1782 505 1845 ad
522 1781 692 1846 vindictam
708 1781 960 1860 malefactorum,
975 1784 1130 1847 bonorum
1146 1784 1290 1868 gloriam,

342 1907 404 1949 nou
430 1883 526 1947 modo
555 1883 672 1948 talibus
701 1882 901 1948 securitatem
931 1885 999 1961 dat,
1024 1885 1081 1948 sed
1107 1885 1292 1971 promissam

341 2009 450 2074 pacem
469 1986 645 2072 juramenti
667 1984 818 2069 religione
833 1986 1009 2059 confirmat.
1054 1989 1099 2052 Et
1122 1988 1166 2050 sic
1187 1988 1292 2053 evenit

341 2102 378 2154 nt
393 2088 425 2152 in
440 2087 569 2174 proprio
584 2087 724 2173 periculo
735 2085 846 2167 discat,
857 2110 955 2175 quam
969 2088 1113 2174 perplexi
1129 2089 1192 2154 sint
1202 2090 1292 2153 nervi

338 2189 558 2253 testiculorum
572 2186 760 2262 Leviathan,
774 2208 873 2270 quum
888 2188 947 2252 sibi
959 2189 1130 2254 tetenderit
1141 2189 1292 2275 laqueum

341 2292 462 2378 proprii
472 2291 587 2376 operis,
600 2315 619 2356 a
632 2315 697 2376 quo
712 2291 778 2354 sine
793 2287 905 2354 salutis
919 2291 1086 2377 dispendio
1102 2313 1163 2355 non
1175 2291 1292 2357 evadit.

342 2393 383 2456 Ei
395 2395 462 2478 jam
479 2407 566 2457 arcta
580 2392 769 2477 complexio,
784 2405 815 2454 et
830 2406 984 2456 cornutus
1002 2392 1134 2478 quidam
1149 2392 1292 2455 imminet

341 2493 559 2581 syllogismus:
586 2494 619 2557 Si
632 2493 832 2577 Pythonissae
847 2493 1001 2577 parcitur,
1014 2491 1144 2557 Domini
1156 2491 1293 2556 violatur

341 2597 523 2683 imperium,
549 2593 762 2681 praecipientis
792 2607 828 2658 ut
858 2593 1010 2656 maleficia
1038 2593 1222 2678 hujusmodi
1252 2593 1293 2655 de

225 2761 228 2768 Α
339 2712 426 2760 terra
452 2697 640 2761 eradantur:
672 2696 699 2760 si
721 2716 784 2757 non
807 2693 961 2778 parcitur,
978 2694 1155 2778 juramenti
1179 2695 1292 2778 religio

342 2800 485 2863 vitiatur.
529 2799 730 2882 Quocunque
753 2818 785 2859 se
808 2808 913 2859 vertat
938 2794 1065 2879 impius,
1088 2798 1293 2880 comprehen-

342 2900 431 2965 ditur
456 2900 488 2963 in
511 2898 661 2984 operibus
683 2897 755 2964 suis.
802 2895 896 2962 Dixit
921 2917 997 2981 ergo
1022 2897 1151 2961 mulier:
1186 2897 1289 2972 Quem

343 3001 501 3067 suscitabo
515 3000 599 3066 tibi?
620 3001 685 3078 Qui
700 3004 755 3078 ait,
772 2999 961 3063 Samuelem.
1005 3000 1155 3064 Omnium
1173 3012 1292 3088 tempo·

341 3126 414 3168 rum
430 3128 494 3169 una
508 3116 555 3169 est
570 3103 659 3183 fides,
676 3102 781 3167 Deum
797 3124 875 3178 esse,
891 3102 1092 3188 eundemque
1108 3104 1244 3189 justum,
1258 3119 1290 3170 et

341 3206 472 3281 bouum,
488 3219 519 3270 et
536 3218 801 3269 remuneratorem
817 3207 1011 3289 sperantium
1034 3204 1066 3268 in
1090 3228 1133 3282 se,
1148 3208 1290 3271 omnium

340 3308 433 3394 plene
444 3308 564 3372 meritis
579 3307 834 3393 respondentem,
846 3319 921 3370 ante
935 3304 1048 3391 legem,
1061 3308 1122 3372 sub
1137 3307 1217 3393 lege,
1230 3308 1292 3374 sub

340 3408 458 3494 gratia:
482 3409 598 3472 nemini
610 3423 732 3474 rectum
746 3408 893 3495 sapienti,
906 3408 992 3473 venit
1003 3410 1088 3474 istud
1101 3409 1133 3473 in
1145 3410 1288 3478 dubium.

344 3511 417 3574 Sine
446 3512 507 3573 ista
533 3533 624 3575 nemo
650 3533 792 3597 unquam
818 3512 978 3597 ingressus
1003 3526 1052 3575 cst
1076 3512 1117 3576 ad
1147 3516 1288 3579 salutem.

345 3616 463 3677 Verum
490 3612 546 3697 qui
572 3627 656 3677 errat
682 3611 714 3675 in
741 3612 890 3690 minimis,
917 3613 1072 3699 paulatim
1101 3615 1143 3677 ad
1171 3617 1291 3701 majora

342 3712 531 3801 prolabitur.
578 3713 630 3776 Sic
651 3713 711 3776 iste
731 3715 837 3798 primo
858 3714 1033 3798 negligens,
1050 3714 1166 3781 deinde
1184 3716 1291 3780 inobe-

340 3816 441 3895 diens,
453 3814 658 3901 postmodum
673 3827 855 3894 contumax,
870 3814 986 3878 exinde
998 3815 1189 3893 obstinatus,
1204 3830 1292 3902 post-

341 3938 429 3980 remo
449 3918 492 3980 ad
514 3938 583 3981 eam
609 3914 777 4001 prolapsus
800 3926 848 3978 est
871 3914 1057 3995 caecitatem,
1071 3926 1109 3979 ut
1131 3938 1189 3981 nec
1211 3939 1292 4002 prae.

341 4017 464 4081 dictum
482 4015 652 4081 articulum
667 4014 741 4079 fidei
758 4014 817 4079 sibi
833 4027 937 4081 servet
948 4014 1147 4082 incolumem,
1184 4021 1291 4085 Deum

342 4121 457 4182 etenim
482 4119 608 4203 justum
638 4138 871 4202 usquequaque
897 4138 959 4180 non
985 4116 1132 4195 credidit,
1158 4123 1292 4205 opinans

342 4217 438 4281 etiam
463 4222 496 4283 in
523 4232 647 4283 sanctos
671 4231 744 4304 post
769 4218 891 4283 exitum
918 4221 993 4283 vitae
1018 4218 1124 4305 hujus,
1146 4222 1291 4308 malignis

340 4318 506 4404 spiritibus
519 4342 696 4385 concessam
709 4332 909 4405 potestatem.
948 4320 1090 4385 Noverat
1104 4325 1186 4386 enim
1200 4346 1288 4387 sanc·

342 4435 413 4485 tum
443 4420 621 4485 Samuelem
650 4421 836 4505 Pytlronicis
865 4444 927 4485 non
953 4420 1188 4505 obtemperasse
1212 4422 1290 4493 dum

387 4542 460 4589 von.
477 4542 527 4587 111.
808 4541 828 4585 ι,
