3575 5575
537 1088 730 1155 ioannis
754 1089 1142 1157 sranseuamusrs

456 1270 1233 1367 POLYCRATICUS‚

811 1457 878 1495 SIVE

368 1604 412 1653 Dll
438 1604 539 1655 NUGIS
563 1605 750 1657 CURIALIUM
776 1604 817 1655 ΕΤ
841 1601 1004 1653 vnsrlolts
1029 1601 1321 1661 ruinosofflonun.

671 2028 815 2091 LIBER
835 2028 1024 2092 PRIMUS.

757 2228 940 2276 PROLOGUS.

412 2349 433 2411 J
437 2363 682 2411 uounmssruns
699 2367 797 2431 quum
811 2347 845 2409 in
861 2346 981 2426 multis,
994 2356 1061 2410 tum
1076 2347 1111 2411 in
1126 2370 1166 2413 eo
1181 2351 1322 2417 maxime

370 2459 420 2514 est
446 2449 609 2511 literarum
613 2448 768 2562 fructus,
791 2447 880 2531 quod
910 2448 1053 2511 omnium
1082 2450 1324 2517 interstitiorum

372 2550 438 2611 loci
467 2560 499 2611 et
527 2532 700 2632 temporrs
710 2533 842 2611 exclusa
870 2547 1030 2627 molestia,
1058 2550 1233 2615 amicorum
1262 2553 1326 2617 sibi

373 2648 510 2712 invioem
537 2650 738 2730 praesentiam
768 2648 935 2726 exhibent,
958 2659 990 2711 et
1018 2670 1068 2713 res
1094 2652 1176 2713 scitu
1201 2652 1326 2734 dignas,

371 2750 435 2813 situ
449 2750 570 2813 aboleri
589 2770 654 2812 non
674 2748 848 2832 patiuntur.
894 2750 979 2812 Nam
999 2759 1031 2811 et
1051 2758 1135 2813 artes
1154 2752 1325 2840 perierant,

370 2859 564 2914 evanuerant
580 2848 667 2965 juraz
678 2848 755 2912 fidei
771 2859 804 2912 et
818 2849 918 2914 totius
937 2850 1102 2932 religionis
1116 2853 1222 2917 officia
1196 2876 1344 2940 Q-

371 2972 434 3035 que
450 2961 643 3024 corruerant,
658 2950 802 3042 ipseque
817 2951 908 3031 recti
920 2950 1081 3016 defecerat
1100 2974 1177 3018 usus
1193 2958 1325 3042 eloquu,
1365 3023 1368 3027 ,
1488 3022 1493 3036 ,

370 3029 736 3116 nisiffium
718 3052 959 3117 infirmitatibus
981 3054 1141 3134 humanae,
1162 3058 1325 3124 literarum

678 3135 841 3152 Α
1040 3140 1215 3156 *W
1220 3147 1331 3156 -----

371 3177 463 3219 usum
442 3147 670 3219 mortalilius
688 3155 797 3219 divina
817 3157 979 3248 miseratio
981 3171 1237 3248 procurasset.
1254 3163 1326 3226 Ex·

371 3245 478 3342 empla
504 3243 735 3341 majorum,
701 3249 786 3341 quae
800 3267 874 3322 sunt
897 3258 1106 3324 incitamenta
1130 3271 1162 3325 et
1185 3238 1327 3330 fomenta

372 3356 505 3433 virtutis,
519 3359 642 3422 nullum
663 3359 795 3422 omnino
816 3359 974 3440 erigerent
992 3371 1047 3423 aut
1068 3373 1240 3444 servarent,
1260 3366 1326 3430 nisi

370 3461 427 3543 pia
454 3459 639 3526 sollicitudo
664 3462 866 3546 scriptorum,
890 3470 924 3526 et
948 3461 1174 3545 triumphatrix
1202 3466 1325 3532 inertiae

371 3560 548 3642 diligentia,
563 3560 676 3625 eadem
687 3561 730 3624 ad
740 3570 884 3646 posteros
899 3561 1135 3627 transmisisset.
1159 3564 1324 3649 Siquidem

372 3661 438 3726 vita
451 3662 565 3739 brevis,
581 3682 693 3727 sensus
713 3663 824 3741 hebes,
843 3661 1049 3743 negligentiae
1070 3673 1190 3748 torpor,
1202 3667 1326 3734 inutilis

373 3763 556 3847 occupatio,
577 3783 637 3826 nos
660 3764 801 3848 paucula
820 3765 903 3826 scire
923 3765 1130 3846 permittunt:
1161 3775 1194 3829 et
1212 3768 1325 3835 eadem

368 3864 488 3949 jugiter
501 3863 635 3943 excutit,
645 3874 678 3928 et
689 3865 795 3930 avellit
810 3865 851 3928 ab
867 3864 975 3927 animo
986 3863 1161 3930 fraudatrix
1171 3869 1326 3954 scientie,

372 3965 504 4029 inimica
525 3975 557 4028 et
575 3963 677 4028 infida
698 3985 823 4048 semper
844 3963 1005 4029 memoria
1025 3987 1175 4048 noverca,
1196 3971 1326 4039 oblivio.

373 4065 455 4138 Quis
490 4065 577 4132 onim
606 4064 810 4129 Alexandros
846 4064 944 4129 sciret
980 4073 1035 4129 aut
1068 4066 1224 4147 cesares,
1255 4074 1327 4158 quis

374 4165 502 4229 Stoicos
510 4175 566 4230 aut
577 4165 808 4249 Peripateticos
817 4166 992 4243 miraretur,
1000 4166 1062 4230 nisi
1073 4187 1129 4230 eos
1137 4168 1328 4252 insignirent

375 4279 582 4332 monumenta
602 4266 816 4352 scriptorum?
855 4267 938 4341 Quis
951 4268 1179 4350 Apostolorum
1198 4282 1230 4336 et
1250 4275 1326 4337 Pro·
1359 4256 1362 4323 ἶ

374 4364 541 4448 phetarum
568 4369 785 4452 amplexanda
810 4370 987 4434 imitaretur
1010 4370 1155 4452 vestigia,
1179 4372 1241 4436 nisi
1271 4397 1327 4440 eos
1358 4367 1361 4439 l
