3575 5575
1036 171 1071 173 ---
1084 169 1289 176 *ssq--ww
1302 171 1363 175 -w-
1373 169 1712 207 τ’*ή-ν-’Ἶ-π-Ἶ

977 283 1291 488 oderatis

342 831 411 878 car.
427 817 503 892 vm]
707 834 959 882 curreremque.
1228 830 1292 889 287

342 981 472 1048 demum
487 996 571 1050 recte
586 985 768 1070 procedere,
778 1007 878 1071 quum
889 998 987 1073 caput
999 988 1068 1074 ejus
1083 1011 1115 1054 se
1131 991 1211 1056 utile
1226 1015 1292 1058 esse

342 1084 512 1168 cognoscit,
528 1084 588 1150 nisi
602 1083 739 1150 fideliter
757 1087 908 1151 membris
922 1089 1087 1157 cohaereat.
1133 1093 1216 1159 Haec
1230 1093 1294 1173 ille,

342 1197 373 1251 et
389 1187 520 1271 quidem
538 1187 699 1272 eleganter
714 1199 746 1250 et
768 1210 851 1254 vere.
898 1190 972 1271 Sed,
994 1204 1031 1257 ut
1053 1191 1131 1257 mihi
1152 1194 1293 1276 videtur,

340 1289 532 1356 oobaerentia
545 1290 647 1356 fidelis
659 1303 691 1355 et
705 1290 798 1356 lirma
809 1315 875 1357 esse
890 1315 952 1357 uon
964 1307 1084 1380 potest,
1097 1296 1153 1362 ubi
1168 1319 1231 1362 non
1244 1310 1295 1365 est

341 1391 417 1455 unio
437 1403 533 1456 tenax
556 1391 769 1469 voluntatum,
784 1406 817 1458 et
840 1394 932 1480 quasi
953 1396 1094 1482 ipsarum
1117 1400 1295 1465 animarum

341 1492 583 1579 conglutinatio.
615 1491 700 1567 Quae
715 1495 739 1558 si
755 1493 906 1573 defuerit,
918 1497 1082 1562 homiuum
1098 1500 1221 1566 frustra
1235 1503 1297 1569 sibi

340 1607 521 1677 congruunt
531 1617 639 1680 opere,
651 1617 748 1682 quum
759 1595 853 1661 dolus
863 1598 896 1660 in
906 1599 1074 1684 perniciem
1090 1616 1214 1689 pergat,
1229 1605 1296 1668 sine

341 1692 458 1758 affectu
498 1693 692 1780 proficiendi.
749 1696 968 1774 simulatores,
1004 1697 1110 1786 iuquit
1151 1703 1228 1783 Job,
1262 1716 1295 1769 et

341 1795 448 1860 callidi
463 1809 636 1884 provocant
656 1797 735 1862 iram
757 1799 829 1880 Dei,
850 1821 955 1884 neque
978 1799 1173 1881 clamabunt,
1193 1826 1298 1890 quum*

341 1898 440 1966 vincti
454 1899 585 1969 fuerint.
629 1899 790 1966 Morietur
803 1899 836 1966 in
853 1913 1041 1988 tempestate
1055 1903 1160 1968 anima
1174 1927 1297 1988 eorum,

341 2014 373 2066 et
395 2001 462 2068 rita
482 2025 591 2068 eorum
614 2003 697 2067 inter
715 2003 932 2068 effeminatos·
975 2005 1136 2091 Operibus
1158 2029 1296 2094 namque

252 2141 258 2150 ·
340 2127 465 2170 caueam
489 2118 622 2191 praestat
649 2127 732 2169 nunc
754 2105 871 2190 pudor,
894 2106 990 2170 timor
1012 2107 1185 2174 interdum.
1231 2109 1296 2174 Sed

337 2205 492 2290 junctura
517 2205 571 2270 illa
595 2205 783 2271 solidissima
808 2217 867 2284 est,
889 2229 964 2292 quae
986 2229 1026 2271 ex
1049 2207 1144 2295 adipe
1164 2208 1240 2274 fidei
1261 2223 1295 2276 et

339 2306 517 2374 dilectionis
542 2308 698 2395 procedit,
721 2321 754 2373 et
778 2308 812 2372 iu
840 2309 907 2373 solo
933 2309 1062 2374 virtutis
1084 2310 1295 2378 fundamento

340 2408 492 2474 subsistit.
529 2410 635 2494 Opera
650 2421 756 2474 tamen
772 2409 848 2495 quia*
862 2431 987 2474 morum
1002 2423 1191 2496 argumenta
1206 2426 1293 2491 suut,

340 2513 474 2592 gratiam
492 2510 631 2596 pariunt,
647 2509 725 2596 quia
740 2508 819 2573 nibil
839 2509 966 2588 utilius,
980 2510 1060 2576 nihil
1074 2511 1232 2577 efficacius
1246 2526 1295 2580 est

339 2612 381 2675 ed
392 2625 512 2679 statum
524 2613 782 2697 magistratuum,
793 2625 825 2677 et
840 2636 1032 2698 processum.
1064 2614 1144 2679 Inde
1155 2628 1202 2679 est
1213 2615 1296 2682 illud

341 2714 562 2801 Imperatoris,
577 2726 634 2780 aut
650 2713 686 2793 (si
702 2714 813 2797 mavis)
830 2715 1054 2780 versificatoris
1068 2717 1198 2803 egregii,
1215 2717 1294 2782 dum

340 2829 445 2882 tamen
462 2816 547 2883 idom
563 2840 617 2881 eos
632 2815 763 2881 sensisse
778 2840 841 2881 nou
856 2820 1011 2903 ambigas.

446 2968 489 3020 Sis
499 2968 558 3039 pius
567 2967 693 3038 inprimis,
705 2984 766 3019 nam
777 2985 857 3036 quum
867 2967 998 3021 vincamur
1008 2969 1037 3020 in
1049 2969 1119 3020 omni

444 3054 564 3120 Munere,
576 3052 631 3107 sula
642 3054 715 3106 Deos
726 3059 813 3123 aequat
822 3053 962 3107 clementia
972 3054 1057 3107 nobis.

444 3140 506 3194 Neu
518 3140 596 3193 dubie
607 3145 740 3211 suspectus
751 3157 825 3207 eges,
836 3158 889 3193 nen
900 3140 981 3193 falsus
992 3141 1091 3203 amicis,

445 3228 623 3282 Rumorumre
633 3227 736 3280 aridus:
754 3228 799 3295 qui
811 3226 876 3279 talin
887 3234 968 3292 curat,
980 3228 1072 3280 inanes

442 3314 570 3366 Horrebit
580 3314 714 3385 strepitus,
725 3312 798 3365 nulle
808 3330 860 3366 uon
871 3314 966 3367 anxius
977 3314 1049 3365 hore.

442 3399 504 3453 Non
517 3401 554 3469 sio
566 3399 694 3465 excubiae,
706 3417 755 3453 nec
767 3400 961 3452 circumtantia
972 3400 1035 3472 pila,

442 3487 530 3548 Quam
541 3491 639 3539 tutatur
650 3503 736 3550 amor;
756 3504 809 3539 non
821 3486 988 3555 extorquebis
1001 3486 1093 3539 amari:

444 3571 504 3623 Hoc
515 3572 616 3624 alterna
626 3572 704 3637 fides,
715 3573 764 3625 hoc
776 3573 888 3645 simplex
900 3575 985 3641 gratia
997 3574 1085 3627 donat.

338 3711 633 3798 Alexanderquum
643 3714 757 3798 hyeme
766 3715 885 3779 ducens
894 3714 1293 3793 exercitum,resideretad

337 3813 455 3899 iguem,
463 3835 685 3896 recognoscere
701 3824 927 3898 pretereuntes
939 3816 1046 3899 copias
1055 3813 1164 3898 ooepit,
1178 3839 1295 3902 quum-

337 3938 402 4002 que
417 3913 630 4000 conspexisset
646 3913 806 4000 quendam
822 3936 923 3999 prope
934 3917 1150 3979 exauimatum
1164 3917 1295 4004 frigore,

333 4018 432 4103 jussit
442 4039 515 4083 eum
526 4015 675 4082 sederein
685 4016 755 4081 loco
764 4038 833 4095 suo,
842 4016 968 4080 dicens:
995 4016 1028 4079 Si
1040 4016 1073 4080 iu
1084 4018 1188 4085 Persis
1198 4035 1294 4091 uetus

338 4142 432 4196 esses,
455 4122 488 4185 iu
514 4118 602 4204 regia
627 4117 704 4183 sella
728 4117 879 4183 resedisse
906 4117 1042 4203 capitale
1063 4119 1156 4201 foret,
1179 4122 1234 4187 sed
1259 4127 1293 4191 in

339 4220 530 4284 Macedonia
537 4233 613 4286 nato
623 4220 818 4284 conceditur.
845 4221 963 4286 Fertur
975 4232 1007 4284 et
1018 4220 1105 4285 alind
1117 4222 1158 4286 de
1169 4226 1291 4294 eodem.

339 4320 769 4406 Quodquumvirgoeximiae
778 4320 1294 4410 pulchritudiuis,finitimaegentis

339 4421 474 4506 principi
489 4421 687 4507 desponsata,
700 4423 782 4488 iuter
797 4423 939 4509 captivas
954 4421 1062 4487 adesse
1078 4425 1292 4509 nunciaretur,
