3575 5575
322 841 392 886 ose.
408 824 458 899 ιι]
681 835 959 888 nortonamous·
1119 881 1121 886 .
1219 823 1281 888 aot

326 1002 451 1056 erceaut
461 1012 538 1075 ergo
549 990 708 1056 nundinas
717 1015 801 1069 suas,
812 989 935 1057 loculos
946 991 1063 1056 alienos
1075 991 1275 1069 exhauriant,

326 1091 461 1156 farciant
477 1114 561 1172 suos,
571 1092 755 1176 possideant
766 1105 921 1179 quantum
934 1092 1104 1173 Pacuvius,
1115 1091 1277 1156 montibus

326 1215 442 1257 aurum
456 1204 637 1278 exaequent,
647 1217 706 1258 neo
715 1207 822 1259 ament
837 1194 987 1281 aliquem,
1003 1217 1060 1258 nec
1075 1208 1222 1259 amentur
1236 1194 1277 1258 ab

326 1294 405 1371 ullo,
431 1293 492 1360 sint
520 1293 723 1361 admirationi
751 1294 878 1378 ignotis,
906 1290 983 1358 dum
1011 1293 1190 1360 domesticis
1215 1291 1277 1360 sint

326 1393 414 1472 odio,
428 1393 480 1458 vel
499 1395 708 1480 contemptui.
755 1393 837 1457 Tale
857 1394 979 1480 aliquid
998 1395 1031 1458 in
1052 1408 1195 1459 veterum
1213 1401 1278 1462 Ro·

329 1518 495 1562 manorum
512 1495 638 1582 scriptis
653 1495 800 1561 invenies.
845 1497 953 1570 Quum
969 1497 1005 1563 P.
1023 1495 1082 1562 Cn.
1100 1501 1277 1576 Graecinus,

327 1608 385 1662 aut
397 1600 424 1661 si
438 1596 501 1660 alio
512 1597 621 1683 potius
631 1596 749 1662 dicitur
760 1595 898 1673 nomine,
910 1609 1098 1681 argueretur
1108 1599 1149 1663 ab
1159 1600 1278 1678 amicis,

328 1698 416 1783 quod
440 1721 571 1764 uxorem
591 1696 771 1777 formosam,
785 1714 916 1776 castam,
936 1712 968 1764 et
990 1700 1128 1763 nobilem
1148 1701 1278 1786 repudi·

329 1810 409 1875 aret,
424 1799 604 1886 respondit:
639 1801 686 1865 Et
704 1799 755 1864 hic
775 1822 885 1864 soccus
905 1823 999 1886 quem
1015 1801 1152 1882 cernitis,
1167 1824 1279 1877 novus,

328 1899 466 1986 elegans,
491 1912 524 1965 et
553 1900 784 1986 inspectoribus
813 1899 961 1964 omnibus
989 1901 1116 1987 placens
1141 1916 1199 1984 est,
1225 1903 1280 1968 sed

329 2023 423 2067 nemo
438 2005 497 2068 ecit
511 2014 628 2088 praeter
644 2025 693 2066 me
708 2002 810 2066 solum
827 2000 883 2067 ubi
899 2025 949 2066 me
965 2020 1098 2088 premat.
1143 2004 1281 2090 Legitur

329 2103 361 2167 in
377 2101 460 2168 libro
474 2107 700 2180 Nummorum,
715 2103 803 2190 quod
818 2126 892 2167 cum
915 2104 1104 2170 Madianitis
1121 2106 1280 2171 fornicans

331 2205 442 2281 Israel,
472 2204 723 2290 indignationem
753 2204 883 2270 Domini
918 2206 1149 2290 provocaverit,
1180 2208 1280 2272 donec

329 2307 465 2374 Phinees
487 2305 629 2385 Zambri,
651 2307 754 2372 filium
777 2305 895 2372 Salomi
918 2329 991 2370 cum
1014 2308 1153 2373 succuba
1174 2311 1280 2375 Madi-

330 2408 461 2482 anitide‚
491 2408 610 2473 educto
638 2431 713 2473 ense
741 2407 1020 2484 transverberavit,
1046 2421 1078 2473 et
1107 2409 1141 2472 in
1170 2434 1281 2478 occasu

330 2523 501 2574 nocentum
524 2508 646 2594 quievit
670 2509 719 2574 ira
742 2509 815 2575 Dei.
860 2509 980 2574 Factus
1005 2522 1054 2574 est
1077 2534 1154 2596 ergo
1180 2536 1282 2579 sermo

330 2611 463 2677 Domini
484 2611 526 2675 ad
546 2615 683 2695 Moysen
697 2611 823 2676 dicens:
863 2611 960 2674 Tolle
973 2624 1104 2676 cunctos
1123 2614 1282 2701 principes

332 2713 458 2801 populi,
479 2726 511 2777 et
534 2713 692 2799 suspende
713 2737 768 2778 eos
789 2723 901 2776 contra
928 2711 1032 2775 Solem
1058 2715 1090 2776 in
1117 2715 1283 2800 patibulis.

331 2819 522 2881 Peccaverat
542 2815 670 2901 quidem
691 2815 841 2901 populus,
862 2825 894 2879 et
914 2813 1082 2878 fornicatio
1101 2814 1281 2903 principum

332 2939 394 2982 non
418 2915 620 3003 exprimitur,
642 2915 713 3001 rapi
738 2928 843 2979 tamen
870 2914 1103 3000 praecipiuntur
1125 2918 1283 3006 principes

332 3022 374 3086 ad
394 3020 585 3108 patibulum,
604 3033 636 3085 et
662 3022 695 3084 in
719 3041 815 3105 poena
840 3042 950 3083 eorum
971 3022 1063 3105 quies
1085 3020 1283 3109 delinquenti

331 3124 450 3209 populo
460 3132 636 3207 reparatur,
646 3143 684 3184 eo
692 3118 779 3205 quod
789 3142 831 3184 ex
840 3119 1033 3205 negligentia
1043 3122 1281 3207 praesidentium

332 3222 503 3309 saepissime
516 3222 665 3306 provenit
679 3243 826 3285 excessus
847 3220 1060 3286 subditorum.
1086 3224 1210 3290 ‘Refert
1225 3226 1284 3290 ita-

334 3348 398 3412 que
419 3324 585 3411 potestatis
607 3324 741 3389 istorum
760 3322 907 3389 cohibere
928 3323 1092 3403 malitiam,
1113 3339 1145 3390 et
1165 3327 1283 3392 eisdem

333 3426 375 3491 de
389 3426 520 3514 publico
538 3425 715 3513 providere,
729 3438 766 3491 ut
779 3424 881 3489 omnis
892 3426 1058 3511 grassandi
1073 3428 1194 3493 occasio
1210 3432 1284 3495 sub-

334 3526 490 3593 trabatur.
537 3525 632 3603 Quod
652 3524 731 3589 etin
750 3526 823 3610 jure
843 3526 990 3589 Romano
1010 3528 1189 3613 antiquitus
1209 3554 1282 3594 cau-

334 3641 403 3694 tum
430 3634 489 3701 est,
514 3624 654 3710 alioquin
684 3636 796 3689 auctor
824 3624 987 3690 videbitur
1011 3626 1169 3704 maleficii,
1197 3632 1284 3714 quod

334 3727 549 3816 praetermisso
569 3724 673 3790 officio
698 3724 865 3790 emendare
886 3728 1070 3793 contemnit.
1117 3731 1179 3793 His
1201 3732 1285 3796 enim

334 3830 469 3917 flagellis
498 3829 674 3907 hominum,
698 3828 976 3913 innocentiumque
1007 3830 1192 3909 terroribus,
1220 3858 1285 3920 quo

335 3929 517 4020 praeclarior
545 3942 578 3993 et
607 3928 777 4016 potentior,
804 3952 842 3992 eo
870 3929 993 4015 plenior
1021 3940 1053 3995 et
1082 3933 1285 4017 perniciosior

335 4033 426 4099 cuda
439 4046 496 4099 est.
542 4032 707 4117 Frequens
721 4029 838 4094 etenim
852 4043 911 4107 est,
928 4044 965 4097 ut
980 4033 1070 4097 cuna
1087 4036 1220 4122 recipiat
1234 4041 1284 4104 vel

335 4136 431 4200 faciat
456 4135 596 4214 vitiosos,
618 4132 707 4219 apud
732 4154 816 4219 quos
841 4132 1005 4201 invalescit
1028 4136 1160 4203 audacia
1183 4140 1283 4206 delin-

336 4235 467 4323 quendi,
482 4258 580 4321 quum
595 4257 635 4300 ex
647 4234 859 4301 familiaritate
873 4249 1054 4322 potentum,
1070 4240 1157 4303 vitiis
1177 4242 1284 4309 indul-

336 4347 442 4422 getur.
493 4334 555 4398 Sed
571 4347 604 4400 et
624 4334 665 4398 de
679 4348 824 4400 anteacta
838 4337 906 4401 vita
920 4340 1150 4425 cujuscunque,
1166 4340 1284 4408 frustra

336 4435 550 4524 praesumitur,
566 4457 665 4522 quum
680 4437 763 4523 inter
777 4437 911 4504 curiales
922 4439 974 4504 vix
996 4440 1094 4526 possit
1106 4442 1286 4511 innocentia

381 4559 456 4605 vos.
476 4558 526 4603 111.
795 4560 819 4605 x
