3575 5575
348 815 420 859 cau.
439 798 475 877 a]
697 816 954 863 eonrcaarrcus.
1263 808 1305 864 59

352 964 513 1042 abortum,
529 977 587 1029 aut
601 964 748 1031 inutilem
764 964 874 1031 faetum
898 968 995 1053 parit,
1010 968 1086 1054 quia
1100 982 1137 1032 ut
1155 968 1307 1050 multum,

351 1088 435 1150 saepe
452 1088 554 1151 quum

460 1174 613 1229 Parturinnt
623 1181 734 1241 montes,
747 1177 862 1248 procedit
873 1177 997 1231 ridiculus
1009 1195 1077 1230 mus.

354 1269 435 1332 Haec
466 1284 541 1334 sunt
575 1270 693 1355 quibus
722 1283 820 1337 totam
852 1270 1050 1357 vigilantiam
1079 1295 1169 1336 suam
1200 1272 1309 1337 videas

351 1372 591 1437 accommodare
606 1395 701 1459 quam
717 1373 882 1459 plurimos.

424 1486 529 1538 Caetera
540 1486 575 1537 de
586 1504 683 1553 genere
695 1487 744 1539 hoc
755 1487 823 1540 adeo
834 1494 896 1541 sunt
907 1487 998 1552 multa,
1010 1488 1146 1556 loquacem

424 1570 465 1620 Ut
475 1568 574 1621 lassare
585 1576 683 1638 queant
695 1572 814 1623 Fabium.

353 1661 471 1745 quibus
487 1684 686 1748 quaecunque
701 1664 816 1728 domus
830 1665 995 1744 institerit,
1009 1686 1077 1727 eam
1097 1686 1155 1727 nec
1177 1664 1219 1727 ab
1241 1663 1311 1749 ipsa

356 1762 460 1826 salute
474 1763 613 1827 arbitror
628 1786 719 1849 posse
734 1763 859 1827 salvari.

613 2120 755 2183 LIBER
778 2117 1037 2182 SECUNDUS.

734 2304 914 2350 PROLOGUS.

395 2398 514 2460 Ourna
528 2395 645 2459 cedunt
660 2394 693 2457 in
709 2418 804 2460 usum
825 2394 990 2480 sapientis,
1004 2393 1193 2479 habentque
1213 2404 1312 2459 mate·

352 2494 430 2557 riam
457 2495 588 2559 virtutis
616 2494 816 2568 exercendae‚
843 2515 1048 2577 quacunque
1074 2492 1229 2557 dicuntur
1254 2507 1311 2560 aut

354 2595 446 2659 fiunt.
483 2599 566 2659 Nam
584 2607 615 2658 et
631 2595 698 2658 otia
712 2596 782 2680 ejus
797 2593 926 2677 negotia
941 2606 1030 2670 stant,
1041 2607 1073 2658 et
1088 2594 1167 2659 dum
1181 2597 1311 2659 rationis

352 2694 520 2758 libramine
532 2716 638 2757 rerum
650 2685 795 2756 omnium
810 2697 891 2755 vires
902 2706 1027 2776 pensat,
1038 2693 1174 2777 provida
1184 2694 1310 2778 dispen-

1358 2750 1363 2820 Ι

353 2795 474 2858 satione
497 2794 653 2879 quicquid
679 2794 719 2858 ad
746 2793 979 2858 beatitudinem
1005 2793 1142 2878 proficit,
1170 2795 1308 2879 quadarn
1358 2821 1364 2921 ι

354 2895 446 2978 quasi
461 2916 558 2958 manu
576 2895 707 2958 virtutis
730 2894 954 2980 apprehendit.
990 2898 1083 2959 Tunc
1098 2917 1176 2980 ergo
1190 2895 1309 2961 divinae

355 2994 517 3081 sapientiae
532 3008 598 3061 tuae
613 3009 802 3081 argumento
817 2994 1011 3061 validissimo
1025 2996 1197 3081 dupliciter
1211 2997 1308 3063 fidem

352 3097 441 3176 facis,
456 3096 533 3161 dum
549 3111 581 3162 et
596 3099 628 3160 in
645 3098 711 3164 tuis
726 3098 849 3163 actibus
861 3110 966 3162 rectus
981 3097 1113 3175 incedis,
1125 3110 1157 3163 et
1169 3100 1308 3186 philoso-

352 3197 459 3284 pharis
473 3199 505 3262 in
522 3201 616 3284 nugis
632 3199 750 3263 alienis.
795 3199 924 3264 Alacres
945 3199 1059 3283 itaque
1075 3215 1188 3265 exeant
1213 3225 1308 3288 nugoe

350 3313 476 3375 nostrae,
493 3324 572 3387 quas
588 3301 739 3366 serenitas
755 3313 812 3365 tua
826 3300 955 3386 prodire
970 3299 1065 3387 jubet
1081 3301 1113 3364 in
1129 3303 1306 3388 publicum,

354 3415 390 3466 ut
416 3403 619 3488 conjectores,
642 3401 893 3478 mathematicos,
920 3423 993 3464 cum
1020 3402 1211 3485 quibusdam
1238 3405 1308 3471 aliis

355 3505 569 3587 nugatoribus
590 3503 815 3578 introducant;
846 3503 924 3589 quia
941 3503 1061 3588 quibus
1082 3503 1199 3569 dedisti
1220 3530 1309 3592 egre-

355 3601 464 3665 diendi
490 3601 666 3677 audaciam,
694 3603 872 3668 securitatis
899 3625 1028 3688 quoque
1054 3602 1203 3668 fiduciam
1227 3628 1308 3691 proe-

356 3703 465 3769 stabis.
512 3706 752 3770 Connsctantur
772 3727 849 3789 ergo
863 3704 1014 3767 inferiora
1034 3704 1260 3808 superioribus,
1275 3721 1308 3771 et

356 3806 382 3869 si
398 3804 478 3890 quid
493 3805 526 3869 in
539 3805 702 3871 alterutris
717 3806 875 3879 vitiosum,
887 3817 943 3868 aut
954 3804 1097 3867 deforme
1110 3811 1305 3890 apparuerit,

355 3907 561 3993 benignitatis
576 3920 643 3971 tuae
657 3906 829 3992 prudentia
843 3902 1032 3990 corrigatur.

357 4080 436 4144 Can.
456 4086 482 4142 1.
509 4082 627 4144 Omina
648 4098 735 4142 cono
755 4097 830 4152 csse,
852 4085 886 4140 et
903 4097 954 4140 rec
973 4079 1097 4158 enfide
1114 4100 1175 4142 coo
1194 4083 1309 4162 culpus

735 4181 932 4262 respondere.

400 4306 625 4369 Rusnrcauuu
647 4317 679 4368 et
700 4306 783 4368 forte
800 4305 907 4371 offelli
931 4306 1137 4391 proverbium
1151 4319 1218 4385 est3
1246 4307 1309 4382 Qui

358 4401 484 4465 somniis
510 4416 542 4467 et
566 4406 711 4488 auguriis
735 4408 849 4482 credit,
875 4428 1040 4490 nunquam
1061 4404 1128 4469 iore
1152 4427 1308 4472 securum.
