3575 5575
490 843 508 897 4
749 857 884 901 roardus
901 856 1181 903 sanusnnmnnsrs

490 1006 549 1071 Sic
563 1005 660 1091 igitur
674 1028 775 1090 nugas
790 1029 928 1091 sparges,
943 1029 984 1070 ne
1001 1006 1098 1072 taedia
1111 1008 1254 1092 gignant,

536 1110 620 1184 Quae
636 1111 730 1175 rebus
745 1110 827 1174 laetis
842 1120 916 1173 sunt
930 1109 1060 1174 inimica
1075 1110 1178 1177 nimis.

494 1210 529 1277 Si
540 1213 635 1298 jubet
650 1225 686 1277 ut
699 1234 801 1295 nugas
815 1212 925 1296 agites,
941 1234 1062 1296 nugare
1077 1211 1249 1279 decenter:

539 1315 623 1380 Nam
639 1314 699 1379 sibi
715 1337 772 1400 per
787 1336 886 1399 nugas
901 1314 983 1378 seria
996 1313 1106 1378 credet
1119 1314 1182 1399 agi.

496 1416 639 1482 Utilibus
653 1439 765 1500 nugas,
782 1416 826 1480 sic
841 1429 931 1501 aptes
945 1415 1027 1479 seria
1041 1415 1134 1496 ludis,

539 1518 586 1583 Ut
601 1518 659 1582 tibi
674 1518 714 1581 sit
728 1517 873 1602 gravium
888 1515 979 1580 nulla
993 1516 1137 1581 timenda
1150 1518 1274 1581 maniis.

496 1621 530 1685 si
540 1620 635 1706 jubet
649 1631 685 1684 ut
699 1629 815 1696 taceas,
831 1630 936 1682 statua
950 1618 1136 1683 taciturnior
1150 1630 1228 1691 esto.

537 1722 607 1786 Nec
622 1720 759 1785 redimas
774 1719 871 1804 siguis
886 1720 985 1784 verba
1000 1732 1116 1805 negata
1131 1720 1201 1786 tibi.

494 1828 601 1903 Quum
618 1823 748 1887 satiatus
763 1822 835 1899 erit,
851 1823 902 1887 vel
917 1844 1018 1908 quum
1033 1823 1156 1906 majora
1170 1822 1340 1899 vocabunt,

538 1922 606 1991 Ora
621 1921 798 1986 conductus
812 1921 907 1985 detur
922 1931 959 1985 ut
972 1921 1047 1986 inde
1063 1922 1132 1987 tibi.

494 2025 511 2088 1
527 2022 620 2102 citus,
636 2034 731 2109 atque
746 2022 834 2099 redi3
857 2044 898 2086 ne
913 2044 1050 2110 quorum
1066 2045 1196 2109 carpere
1211 2045 1311 2108 nugas

537 2127 645 2191 Ausus
659 2149 704 2203 es,
719 2125 868 2209 infligant
882 2125 958 2200 tela,
975 2147 1154 2213 necemque
1169 2137 1293 2213 parent.

497 2229 609 2293 Unum
624 2227 791 2293 discedens
806 2239 928 2292 secreta
942 2227 1049 2313 profer
1063 2228 1096 2291 in
1112 2251 1206 2293 nore:

496 2412 504 2429 Ι
538 2330 700 2417 Quicquid
715 2341 812 2415 agant
826 2329 890 2406 alii,
908 2342 943 2394 tu
958 2343 1164 2396 memoresto
1179 2331 1237 2396 tui.

496 2433 644 2520 Quaeque
660 2456 733 2497 caro
748 2433 881 2515 loenum,
896 2434 953 2497 llos
968 2431 1056 2511 foeni,
1071 2433 1174 2518 gloria
1188 2434 1302 2516 carnis,

539 2536 621 2599 Haec
636 2535 715 2599 nihil
730 2546 796 2604 est:
818 2534 920 2599 nihilo
935 2535 1012 2621 quid
1028 2537 1134 2601 minus
1148 2559 1216 2604 esse
1232 2549 1345 2623 potest.

496 2636 636 2703 Munera
650 2639 798 2715 fortunae,
814 2639 933 2704 viscata
947 2650 1025 2724 puta
1038 2638 1186 2704 vitiorum

538 2739 681 2820 Semina,
698 2753 772 2807 sunt
788 2741 945 2807 scelerum
961 2741 1091 2829 pabula,
1108 2744 1221 2810 mortis
1235 2744 1307 2809 iter.

494 2844 578 2909 Sunt
592 2844 709 2930 laquei,
726 2855 801 2908 sunt
815 2844 952 2922 insidiae,
968 2857 1043 2910 sunt
1057 2846 1161 2912 toxica
1175 2846 1296 2924 mortis,

537 2949 642 3024 Quem
655 2968 721 3009 non
736 2946 902 3028 effugient,
918 2970 998 3031 quos
1012 2949 1075 3011 dea
1089 2970 1175 3012 caeca
1190 2949 1276 3013 colit.

495 3048 593 3124 Quod
607 3046 735 3112 fortuna
749 3045 851 3125 dedit,
866 3057 900 3108 et
915 3046 1002 3132 quod
1016 3047 1117 3122 dabit,
1132 3061 1181 3111 est
1195 3049 1347 3124 alienum,

538 3148 676 3213 Auferet
689 3147 750 3211 hoc
764 3155 879 3228 totum,
894 3169 995 3234 quum
1011 3146 1177 3225 volatilla,
1193 3147 1263 3212 tibi.

496 3249 593 3315 Retia
606 3249 753 3336 pennatis
769 3261 936 3336 nequeunt
949 3249 1085 3336 proevisa
1098 3271 1225 3326 nocere,

537 3350 592 3415 Tu
607 3371 811 3437 quaecunque
825 3349 925 3428 vides,
942 3350 1023 3415 retia
1038 3350 1155 3415 mentis
1168 3350 1262 3415 habe.

449 3481 452 3485 ·
496 3453 593 3518 Retia
607 3465 682 3518 sunt
696 3474 899 3539 quaecunque
914 3453 1013 3530 vides,
1029 3453 1256 3541 hominemque
1272 3453 1405 3539 ligatum

541 3557 593 3621 Ad
608 3555 757 3620 miseram
773 3568 908 3620 mortem
926 3579 984 3641 per
999 3557 1085 3620 mala
1099 3579 1236 3644 quoeque
1251 3557 1391 3624 trahunt.

496 3657 654 3737 Forsitan,
671 3655 757 3723 unde
774 3656 832 3722 tibi
848 3658 944 3723 datur
957 3658 1028 3722 hoec
1043 3659 1202 3725 audacia?
1223 3672 1358 3746 quoeret,

538 3759 636 3824 Dices
651 3758 695 3823 nil
711 3769 868 3835 metuens,
885 3759 992 3823 omnia
1006 3772 1094 3824 tutus
1109 3761 1184 3845 agit.

442 3940 449 3948 ι
495 3863 616 3928 Omnia
630 3871 718 3926 tutus
732 3861 809 3946 agit,
824 3884 921 3948 quern
937 3884 998 3927 nec
1012 3885 1095 3949 spes,
1110 3885 1171 3927 nac
1186 3863 1283 3926 timor
1296 3861 1397 3945 augit,

540 3964 602 4028 Cui
615 3963 701 4027 mala
714 3964 803 4028 nulla
817 3964 955 4049 placent,
970 3966 1081 4029 omnia
1094 3977 1182 4029 tutus
1197 3964 1272 4048 agit.

496 4065 642 4150 Hispana
655 4063 791 4139 rediens,
807 4075 862 4128 aut
879 4066 1034 4129 Vasconis
1048 4077 1138 4129 utere
1153 4066 1276 4148 lingua,

448 4208 484 4264 ,a
540 4166 605 4231 Sed
620 4177 728 4230 tamen
744 4164 776 4227 in
793 4164 889 4230 verbo
905 4164 977 4250 plus
991 4164 1153 4250 gravitatis
1167 4165 1262 4231 habe.

497 4269 602 4335 indue
617 4269 661 4334 sic
675 4268 830 4352 linguam,
845 4267 889 4332 sic
904 4279 1008 4332 vestes
1023 4266 1120 4332 indue
1135 4267 1250 4352 gentis,

539 4371 635 4438 Salva
649 4370 689 4434 sit
704 4382 740 4434 ut
755 4390 879 4432 morum
896 4368 1015 4453 regula,
1031 4369 1117 4434 salva
1131 4369 1223 4433 fides.

494 4472 639 4542 Pendeat
654 4493 694 4536 ex
708 4469 849 4535 humeris
864 4491 942 4534 crux
962 4492 1064 4549 oenea,
1079 4470 1120 4535 nit
1135 4491 1229 4536 coma
1242 4479 1335 4549 tetra,
