3575 5575
329 818 399 865 cur.
417 802 476 882 ru]
667 818 922 865 rocrcsnmcus.
1243 805 1282 864 19

327 972 394 1037 suis
404 974 499 1037 rebus
511 982 542 1036 et
553 972 669 1037 studiis
681 975 847 1037 voluerunt
858 992 928 1037 esse
942 980 1138 1050 contentum,
1147 973 1278 1035 urbanis

324 1085 357 1139 et
373 1074 575 1152 suburbanis,
587 1073 712 1139 colonis
726 1090 854 1159 quoqne
871 1077 921 1137 vel
936 1076 1060 1138 rusticis
1072 1093 1129 1137 sua
1144 1073 1279 1153 singulis

323 1178 396 1240 loca
411 1186 444 1241 et
457 1177 564 1241 studia
583 1178 836 1261 praescribentes.
882 1176 1060 1241 solicitudo
1081 1176 1277 1257 singulorum

324 1283 357 1340 et
366 1279 510 1342 omnium
520 1277 649 1342 utilitati
659 1279 798 1361 publices
808 1279 976 1342 serviebat.
999 1277 1278 1357 Naturae,laboris‚

323 1386 356 1439 et
367 1376 531 1442 industriae
542 1376 679 1442 fructum
690 1378 907 1463 unusquisque
916 1378 1091 1462 recipiebat
1101 1400 1145 1442 ex
1153 1376 1278 1441 merito.

325 1476 431 1541 Nemo
457 1479 545 1564 quod
575 1491 660 1543 esset
692 1480 820 1543 alterius
846 1482 1032 1562 usurpabat,
1063 1489 1212 1542 manente
1241 1479 1276 1549 in

323 1575 473 1641 omnibus
489 1573 656 1641 individuo
680 1579 822 1640 caritatis
837 1580 964 1641 affectu.
1002 1579 1127 1639 Primus
1147 1576 1278 1660 quidem

323 1688 355 1742 et
370 1679 497 1742 medius
518 1679 606 1741 urbis
620 1679 712 1743 locus
734 1680 902 1760 Areopago
922 1680 1030 1755 cessit,
1045 1678 1130 1741 unde
1152 1678 1194 1740 sd
1212 1679 1276 1740 sin·

324 1780 414 1861 gulas
429 1780 652 1863 professiones,
668 1786 763 1863 prout
777 1780 855 1843 ratio
878 1779 1036 1864 cujusque
1051 1779 1149 1842 officii
1168 1776 1277 1861 exige·

324 1882 390 1953 bet,
414 1878 624 1963 dispositione
647 1896 789 1961 congrua
813 1880 984 1954 institutas,
1007 1880 1185 1943 officiorum
1202 1880 1279 1965 jura

326 1982 416 2065 quasi
429 1979 558 2065 quidam
573 1980 685 2049 salutis
697 1992 728 2045 et
740 1982 811 2045 vitae
822 1982 916 2045 rivuli
927 1982 1151 2046 derivarentur.
1179 1982 1278 2046 Porro

325 2084 359 2145 in
368 2084 419 2147 his
429 2082 568 2146 venandi
579 2100 630 2146 ars
639 2085 690 2147 vel
702 2084 842 2148 officium
854 2085 912 2147 vix
923 2085 1115 2166 permittitur
1125 2083 1278 2149 accedere

325 2184 597 2263 adsuburbanos3
621 2206 721 2269 quum
730 2197 896 2250 venatores
904 2197 940 2250 ut
949 2186 1097 2269 agricole
1107 2186 1279 2269 caeterique

325 2287 441 2350 incolae
452 2304 570 2365 rurum,
581 2288 622 2351 ab
640 2288 773 2352 urbibus
783 2286 1043 2372 nobiliorumque
1053 2300 1140 2352 coetu
1152 2288 1279 2369 longius

327 2398 503 2452 arceantur.
542 2384 683 2453 Omnino
705 2391 791 2454 enim
813 2390 961 2475 iniquum
984 2400 1032 2454 est
1051 2390 1208 2478 Q
1220 2409 1283 2476 Ψ

309 2488 548 2585 ΨὶΨεῐυάἰὶε
560 2489 762 2555 dehonestari
774 2492 962 2571 minoribus,
972 2499 1005 2554 et
1015 2509 1081 2569 eos,
1090 2510 1170 2574 quos
1181 2489 1280 2554 ardus

324 2599 357 2653 et
383 2592 528 2671 graviora
551 2603 681 2655 manent
710 2592 827 2665 officia,
853 2588 1026 2674 voluptatis
1052 2603 1107 2655 sut
1130 2592 1279 2655 veniretis

327 2692 593 2774 occupationibus
608 2693 732 2772 agitari.
777 2691 875 2756 Unde
899 2695 927 2755 si
941 2693 1076 2755 licenter
1092 2700 1279 2755 exerceatur

327 2793 461 2870 venatio,
478 2790 648 2856 artificium
669 2795 719 2855 rel
740 2794 901 2866 officium3
934 2795 961 2856 si
982 2804 1103 2870 contra,
1116 2793 1279 2856 levitatem

326 2909 397 2954 eam
413 2913 481 2956 esse
497 2902 552 2956 sut
567 2892 753 2957 malificium
772 2906 973 2974 censuerunt,
989 2893 1095 2958 edicto
1110 2894 1280 2978 punientes

325 3009 392 3069 eos,
407 2993 463 3077 qui
478 3011 548 3058 eam
563 3004 675 3058 contra
689 2995 830 3059 officium
844 3004 1044 3079 usurparent.

327 3325 407 3413 Cap.
423 3335 453 3392 4.
477 3325 529 3393 De
542 3333 703 3405 venatica,
718 3339 750 3393 et
765 3329 963 3409 auctoribus,
976 3339 1009 3395 et
1022 3331 1184 3412 speciebus
1198 3333 1278 3415 ejus,

557 3441 588 3494 et
603 3433 759 3495 eeercite'o
774 3434 862 3495 licito
876 3441 908 3495 et
923 3434 1049 3496 illicito.

369 3597 422 3657 Er
451 3594 544 3677 primi
574 3593 705 3676 quidem
734 3593 894 3669 Thebani,
925 3596 953 3658 si
982 3595 1079 3659 fidem
1109 3619 1281 3681 sequamur

326 3695 479 3772 historiar,
502 3715 573 3757 eam
596 3695 898 3758 communicandam
921 3698 1070 3760 omnibus
1093 3708 1279 3762 statuerunt.

326 3797 372 3859 ut
387 3817 429 3859 ex
447 3813 510 3879 quo
523 3805 673 3878 suspecta
683 3793 725 3857 sit
737 3796 887 3858 omnibus
903 3814 982 3875 gens
995 3797 1082 3861 t'oeda
1092 3799 1281 3880 parricidiis,

332 3893 511 3960 incestibus
525 3893 726 3972 detestanda,
740 3894 875 3976 insignis
895 3893 1017 3974 fraude,
1031 3906 1107 3960 nota
1126 3898 1281 3982 perjuriis,

327 3997 422 4082 hujus
439 3993 578 4074 srtideii,
591 3998 639 4060 vel
655 3997 762 4081 potius
777 3995 933 4072 malificii,
945 3997 979 4060 in
994 3997 1106 4082 primis
1119 4013 1283 4085 praesepts

328 4101 500 4184 congessit,
518 4119 591 4184 quse
604 4099 809 4182 postmodum
826 4098 867 4163 ad
879 4110 1009 4184 gentem
1024 4103 1153 4166 mollem
1167 4103 1280 4168 imbel-

327 4201 466 4286 lemque,
477 4198 579 4266 levem
596 4211 628 4264 et
641 4201 838 4286 impudicam
855 4201 1023 4287 (Phrygios
1037 4202 1168 4288 loquor)
1180 4217 1283 4271 trans-

327 4300 476 4365 mitteret
513 4303 667 4366 Riserunt
685 4321 743 4366 eos
764 4303 978 4368 Athenienses
998 4315 1031 4369 et
1045 4306 1283 4371 Lecedmmonii

328 4402 442 4486 populi
457 4404 628 4481 graviores,
637 4404 838 4467 historiannn
854 4416 955 4484 geste,
964 4416 1085 4470 naturas
1096 4425 1283 4491 morumque

783 4523 802 4565 o
817 4510 837 4564 2
