3575 5575
347 790 416 835 car.
433 773 523 853 run]
700 789 952 837 muranenses.
1234 778 1297 837 213

342 961 409 1004 ram
425 945 641 1028 loquerentur,
656 941 701 1004 ita
716 941 893 1028 rescripsit:
919 941 967 1004 Mi
983 939 1103 1018 Tiberi,
1119 939 1182 1005 noli
1198 940 1295 1005 nimis

342 1041 512 1127 indignari,
528 1063 721 1127 quemquam
743 1065 809 1106 esse
831 1043 888 1128 qui
911 1042 951 1106 de
973 1053 1005 1106 te
1028 1042 1109 1104 male
1129 1042 1290 1126 loquatur.

344 1145 427 1208 Satis
449 1158 497 1209 est
520 1145 603 1209 enim
630 1145 655 1210 si
682 1146 743 1210 hoc
763 1145 929 1224 babemus,
951 1144 1061 1229 nequis
1083 1143 1174 1207 nobis
1196 1142 1292 1206 male-

341 1245 445 1310 facere
473 1232 582 1333 possit'.
639 1247 730 1310 ldem
766 1259 855 1311 tanta
888 1246 1036 1310 comitate
1070 1244 1228 1332 quoslibet
1258 1266 1292 1308 se

340 1349 493 1414 adeuntes
521 1351 710 1435 excipiebat,
742 1362 780 1414 ut
814 1348 975 1434 quendam
1004 1350 1186 1412 Romanum
1215 1349 1291 1433 joco

341 1452 542 1537 corripuerit,
556 1450 644 1536 quod
659 1451 702 1514 sic
715 1450 775 1515 sibi
790 1449 934 1513 libellum
945 1453 1105 1534 porrigere
1116 1461 1290 1525 vereretur,
1401 1495 1404 1500 -

343 1551 434 1635 quasi
457 1551 627 1637 elephanto
651 1550 775 1636 stipem.
819 1553 864 1616 Et
888 1561 1043 1634 quantum
1072 1551 1158 1613 Nero
1182 1549 1291 1612 adula-

342 1652 484 1717 tionibus
505 1666 618 1738 captus
640 1665 699 1729 est,
721 1664 847 1717 tantum
869 1652 930 1715 iste
952 1651 1061 1716 abeis
1084 1673 1214 1716 aversus
1233 1663 1292 1716 est·
1402 1653 1406 1665 “

341 1752 439 1816 Unde
453 1754 694 1840 appellationem
710 1753 841 1828 domini,
859 1764 895 1816 ut
909 1751 1113 1816 maledictum
1128 1763 1160 1816 et
1175 1772 1290 1837 oppro-

341 1853 459 1930 brium,
475 1876 598 1940 semper
612 1853 789 1919 exhorruit.
834 1853 981 1937 Denique
1001 1872 1103 1937 quum
1118 1851 1219 1915 eidem
1235 1851 1298 1916 de-·

342 1954 502 2019 scendenti
519 1980 574 2042 per
584 1979 704 2020 sacram
715 1958 809 2033 viam,
818 1953 1004 2040 desperatus
1015 1952 1146 2039 quidam
1158 1947 1290 2027 diceret,

343 2056 532 2142 Otyranne;
552 2058 585 2120 Si
596 2079 709 2134 essem,
720 2056 837 2142 inquit,
848 2079 912 2120 uon
924 2056 1053 2120 diceres.
1077 2056 1290 2120 Observatum

340 2159 456 2222 etenim
472 2170 530 2239 est,
545 2162 693 2246 quotiens
711 2159 950 2244 ingrediebatur
971 2157 1094 2234 urbem,
1109 2180 1149 2222 ne
1171 2155 1296 2243 suppli-¹

341 2260 426 2324 cium
438 2261 478 2324 de
489 2285 651 2347 quoquam
663 2274 849 2328 sumeretur.
873 2260 1008 2327 Curtius
1018 2282 1115 2345 eques
1126 2263 1292 2324 Romanus

341 2362 459 2428 delitiis
473 2366 619 2445 affluens,
633 2387 735 2450 quum
751 2385 893 2428 macrum
910 2361 1041 2428 turdum
1057 2361 1240 2448 sumpsisset
1255 2361 1290 2425 in

341 2464 488 2528 convivio
517 2466 664 2546 Caesaris,
691 2465 901 2549 interrogavit
929 2486 969 2528 an
1003 2463 1130 2528 mittere
1158 2462 1288 2537 liceret;

341 2563 504 2649 respoudit
533 2567 691 2651 princeps,
718 2564 839 2642 Quidni
864 2565 980 2628 liceat?
1015 2563 1073 2627 llle
1099 2566 1207 2628 statim
1232 2585 1290 2648 per

340 2664 508 2730 fenestram
522 2667 617 2734 misit.
647 2665 744 2729 Miles
755 2666 878 2750 peritus
891 2665 1032 2749 aucupii,
1044 2677 1204 2742 noctuam,
1215 2686 1291 2748 quae

342 2766 477 2832 Caesaris
504 2781 614 2833 noctes
643 2767 885 2854 inquietaverat,
917 2789 972 2852 spe
1000 2765 1138 2852 ingentis
1166 2764 1291 2851 praemii

340 2879 466 2954 captam
482 2868 558 2933 tulit
573 2869 613 2933 ad
630 2871 798 2934 Caesarem.
846 2867 992 2932 Laudato
1009 2869 1188 2953 Imperator
1204 2866 1291 2932 mille

249 3034 253 3039 .
341 2992 489 3034 nummos
510 2970 579 3034 dari
597 2970 704 3059 jussit.
748 2976 792 3036 At
814 2970 867 3036 ille
887 2993 984 3059 ausus
1002 2981 1049 3033 est
1071 2968 1185 3049 dicere,
1201 2968 1293 3034 Malo

338 3070 435 3157 vivat,
461 3094 615 3159 avemque
640 3072 770 3138 dimisit.
815 3071 968 3158 Abiitque
996 3084 1167 3139 contumax
1196 3070 1288 3137 miles

339 3194 402 3236 nou
425 3175 491 3238 sine
513 3173 720 3239 admiratione
741 3175 929 3254 multorum,
944 3173 1052 3237 Caesar
1074 3194 1137 3236 nou
1159 3172 1287 3238 offenso.

339 3274 515 3339 Veterauus
526 3298 627 3361 quum
639 3275 700 3340 sibi
711 3274 763 3339 die
774 3275 861 3340 dicto
869 3272 1115 3360 periclitaretur,
1127 3275 1287 3341 Caesarem

339 3377 516 3461 rogavitin
537 3378 723 3465 publicent
748 3377 889 3442 adesset:
916 3376 970 3440 ille
992 3376 1290 3463 praestantissimum

339 3475 541 3553 advocatum,
557 3500 652 3562 quem
668 3482 817 3563 elegerat,
831 3478 899 3541 sine
913 3498 1001 3540 mora
1016 3476 1116 3558 dedit,
1130 3500 1290 3543 commeo·

338 3575 491 3661 davitque
506 3578 534 3639 ei
549 3578 752 3661 litigatorem.
788 3582 965 3644 Veteranus
979 3592 1086 3643 autem
1102 3578 1291 3643 exclamavit

339 3698 417 3740 voce
432 3698 567 3761 magnae
590 3682 633 3742 At
648 3700 709 3740 nou
725 3701 796 3762 ego,
811 3680 932 3753 Caesar,
947 3678 1145 3763 periclitante
1160 3691 1192 3743 te
1205 3677 1290 3741 bello

339 3776 480 3857 Actiaco,
503 3776 657 3840 vicarium
678 3777 822 3863 quaesivi,
843 3777 899 3841 sed
921 3800 980 3863 pro
1002 3790 1033 3842 te
1048 3778 1117 3861 ipse
1136 3778 1289 3863 pugnavi,

336 3878 524 3965 detexitque
533 3879 700 3965 impressas
709 3878 879 3943 cicatrices.
908 3876 1048 3942 Erubuit
1058 3880 1176 3957 Caesar,
1187 3882 1289 3945 venit-

337 3980 447 4065 quein
470 3980 719 4061 advocationem,
733 3990 770 4044 ut
789 3979 845 4064 qui
865 3991 1028 4043 vereretur
1047 4000 1110 4043 non
1131 3982 1290 4066 superbus

339 4094 475 4163 tantum,
490 4084 544 4148 sed
560 4086 654 4149 etiam
670 4083 815 4167 ingratus
832 4082 942 4147 videri.
981 4082 1161 4147 intraverat
1176 4085 1288 4148 urbem

339 4182 519 4249 adolescens
530 4184 707 4250 simillimus
718 4188 848 4266 Caesari,
860 4184 1114 4271 perductumque
1129 4185 1170 4249 ad
1183 4188 1289 4251 Caesa·

338 4306 405 4347 rem
420 4284 626 4370 interrogavit
642 4291 827 4371 Augustus:
852 4287 914 4352 Dic
930 4286 1007 4350 mihi
1022 4286 1213 4365 adolescens,
1228 4288 1290 4351 fuit

340 4408 482 4472 unquam
494 4401 593 4453 mater
605 4400 662 4452 tua
671 4391 806 4453 Roma?
831 4388 969 4473 Negavit
981 4388 1046 4465 ille,
1056 4411 1112 4452 nec
1124 4402 1292 4455 contentus
