3575 5575
494 785 558 848 380
752 798 887 845 sonuum
903 799 1182 846 saansaanmusrs
1316 783 1397 864 [cm.
1414 803 1444 849 v.

494 952 680 1017 hominibus
704 955 798 1016 bonae
832 953 1013 1016 voluntatis.
1071 954 1146 1016 Hoc
1183 953 1340 1037 siquidem
1368 977 1445 1020 can-

492 1057 593 1121 ticum
607 1065 655 1118 est
665 1055 811 1119 fidelium
821 1057 1037 1139 praelatorum,
1048 1056 1104 1138 qui
1121 1055 1277 1139 speciosis
1291 1057 1446 1123 incedunt

495 1157 641 1240 pedibus,
666 1167 767 1220 etex
792 1178 831 1220 eo
854 1157 969 1234 beatis,
994 1156 1080 1240 qnod
1108 1177 1223 1238 pacem
1249 1167 1385 1240 portant,
1413 1171 1445 1224 et

494 1280 607 1342 pacem
622 1257 841 1321 sanctimoniae
861 1258 994 1331 sociam,
1021 1258 1090 1320 sine
1117 1280 1180 1343 qua
1205 1280 1300 1322 nemo
1325 1259 1448 1324 videbit

497 1361 613 1423 Deum.
658 1359 781 1423 Dicunt
801 1359 887 1423 ethi
914 1379 987 1422 cum
1014 1360 1183 1442 sapientia,
1200 1357 1274 1444 quia
1295 1362 1380 1424 bona
1399 1374 1449 1425 est

494 1462 682 1539 substantia,
696 1461 749 1524 cui
764 1482 828 1524 non
852 1470 902 1525 est
926 1471 1093 1544 peccatum
1120 1462 1154 1524 in
1181 1462 1389 1540 conscientia,
1416 1475 1448 1526 et

494 1563 693 1648 nequissima
717 1573 890 1646 paupertas
915 1564 949 1625 in
985 1583 1039 1626 ore
1070 1564 1171 1648 impii.
1216 1565 1390 1628 Clamitant
1414 1565 1449 1628 in

499 1667 631 1749 plateis:
647 1664 724 1748 quia
738 1666 853 1728 beatus
869 1665 915 1727 vir
930 1664 987 1749 qui
1002 1665 1149 1728 inventus
1164 1675 1212 1728 est
1228 1665 1297 1728 sine
1309 1667 1448 1740 macula,

497 1773 529 1830 et
544 1766 600 1848 qui
614 1776 688 1850 post
709 1787 819 1829 aurum
835 1787 901 1828 non
925 1765 1012 1828 abiit
1057 1767 1105 1828 Ac
1133 1765 1160 1828 si
1184 1777 1292 1848 aperte
1318 1765 1447 1831 dicant:

497 1864 654 1951 Quisqiris
677 1868 712 1930 in
736 1887 868 1930 munere
892 1866 1065 1951 cujuslibet
1100 1867 1313 1948 magistratus,
1336 1889 1449 1931 aurum

499 1971 622 2054 quaerit,
637 1970 795 2032 maculam
809 1969 943 2043 invenit,
964 1969 1032 2031 sine
1060 1987 1125 2051 qua
1150 1989 1209 2031 nec
1237 1969 1371 2052 acquiri,
1386 1990 1449 2032 nec

499 2091 569 2133 esse
585 2079 690 2152 potest
703 2068 789 2150 apud
800 2066 930 2131 avidum
946 2089 1170 2150 possessorem.
1209 2067 1292 2141 Quis
1307 2089 1449 2152 unquam

497 2169 669 2255 pecuniam
694 2169 764 2232 sine
789 2168 1006 2232 sordidatione
1030 2191 1184 2234 manuum
1209 2170 1355 2234 tractavit
1380 2169 1451 2234 diu·

497 2270 584 2335 tius?
641 2271 697 2334 Ex
731 2291 769 2332 ea
804 2279 911 2334 tamen
940 2279 1025 2334 certe
1055 2271 1161 2333 minus
1190 2291 1305 2334 manus
1334 2270 1451 2349 sordet,

498 2393 596 2456 quam
608 2371 741 2435 animus.
780 2371 867 2435 Nolo
882 2369 960 2433 mihi
975 2371 1130 2433 malorum
1146 2370 1315 2452 frigescant
1330 2371 1449 2450 limina,

500 2487 556 2541 aut
576 2474 616 2536 de
636 2493 712 2536 nare
733 2469 850 2536 canina
874 2492 988 2535 sonare
1014 2472 1068 2534 hic
1091 2472 1183 2535 litera
1207 2471 1359 2550 videatur,
1385 2495 1452 2536 non

499 2598 587 2660 pono
618 2595 656 2638 os
689 2594 795 2636 meum
829 2574 863 2636 in
899 2574 1028 2647 osclum,
1063 2583 1099 2636 ut
1133 2571 1174 2638 de
1210 2575 1364 2657 patribus,
1394 2575 1452 2657 qui

497 2679 608 2742 orbem
617 2675 779 2761 judicant,
794 2684 826 2739 et
841 2697 859 2740 a
873 2676 963 2740 nullo
973 2675 987 2758 j
992 2675 1159 2738 udicantur
1170 2676 1203 2738 in
1214 2677 1317 2753 terris,
1327 2675 1449 2759 aliquid

501 2779 618 2858 dicam,
650 2777 715 2842 nisi
748 2778 880 2862 plenum
916 2776 993 2854 fide,
1025 2777 1166 2856 caritate,
1200 2787 1234 2841 et
1266 2778 1450 2843 reverentia.

497 2883 614 2947 Dicam
639 2891 747 2947 tamen
771 2881 859 2965 quod
883 2899 993 2943 verum
1027 2888 1088 2955 est,
1119 2878 1201 2944 adeo
1236 2892 1273 2943 ut
1299 2880 1329 2942 ei
1354 2898 1449 2944 nemo

500 2984 644 3049 fidelium
660 2983 774 3048 audeat
789 2982 947 3063 refragari,
964 2979 1069 3043 dicam
1085 2981 1174 3063 quod
1189 2980 1253 3066 ipsi
1264 2981 1451 3065 praedicant.

502 3090 630 3165 Dicam,
654 3087 798 3168 inquam,
824 3084 901 3167 quia
925 3104 991 3147 non
1020 3094 1127 3166 potest
1156 3084 1270 3149 civitas
1295 3084 1452 3148 abscondi

492 3208 598 3275 'supra
619 3198 761 3253 montem
782 3186 899 3269 posita,
921 3198 952 3249 et
973 3206 1178 3270 nequaquam
1200 3189 1296 3251 latere
1319 3197 1455 3271 possunt

501 3294 647 3357 notitiam
660 3290 834 3373 publicam,
849 3310 922 3372 quae
936 3288 969 3352 in
993 3298 1170 3371 conspectu
1186 3288 1326 3370 gentium
1353 3288 1452 3351 fiunt:

501 3394 662 3478 siquidem

607 3499 693 3552 Omne
703 3496 785 3548 animi
794 3496 886 3549 vitium
897 3500 971 3549 tanto
982 3498 1144 3569 conspectius
1154 3498 1182 3550 in
1193 3514 1222 3550 se

606 3584 713 3638 Crimen
723 3582 812 3647 habet,
825 3586 921 3651 quanto
932 3582 1015 3654 major
1026 3584 1071 3651 qui
1081 3588 1173 3657 peccat
1183 3583 1303 3637 habetur.

501 3686 556 3749 Sal
567 3703 694 3769 quoque
710 3680 899 3745 infatuatum
916 3680 957 3743 ad
981 3677 1118 3743 nihilum
1133 3681 1217 3743 valet
1231 3680 1325 3755 ultra,
1340 3678 1403 3743 nisi
1418 3686 1456 3741 ut

500 3786 685 3873 projiciatur
697 3783 793 3859 foras,
809 3795 842 3846 et
852 3783 1060 3847 conculcetur
1075 3782 1116 3845 ab
1132 3781 1329 3858 hominibus,
1343 3790 1454 3863 utpote

500 3889 571 3952 vilis
594 3886 743 3971 abjectio,
766 3906 839 3969 quae
864 3905 925 3948 nec
952 3882 995 3947 ad
1021 3882 1281 3947 stercorationem
1308 3901 1453 3963 agrorum

503 3983 643 4069 prodest.
689 3985 745 4049 Sol
772 4005 902 4067 quoque
929 3985 1038 4047 orbem
1061 3982 1199 4045 illustrat
1223 3978 1360 4064 plenius,
1384 3978 1459 4062 quia

502 4094 535 4150 in
561 4083 713 4148 eminenti
735 4097 792 4147 est.
837 4084 924 4159 Quid
949 4082 1068 4147 multa?
1116 4084 1223 4165 Opera
1249 4074 1457 4163 singulorum,

502 4182 720 4251 testimonium
739 4181 909 4265 perhibent
929 4182 969 4245 de
992 4183 1048 4245 eis.
1095 4182 1150 4247 Sic
1177 4181 1307 4245 Samuel
1326 4200 1457 4261 operum

503 4285 687 4353 testimonio
697 4282 895 4370 justificatus
910 4295 966 4348 est.
1007 4285 1073 4349 Sed
1087 4306 1128 4348 ne
1145 4283 1302 4347 videretur
1317 4282 1457 4365 populus

503 4391 535 4455 ei
550 4387 698 4466 blandiri,
713 4397 745 4451 et
767 4387 858 4473 quasi
878 4408 922 4450 ex
943 4386 1055 4450 timore
1076 4387 1126 4449 vel
1148 4382 1276 4449 fallacia
1298 4384 1386 4447 salsa
1407 4382 1455 4445 in·
