3575 5575
506 785 570 846 81⁰
762 793 899 840 scaurus
913 791 1192 840 sanusnnnmusrs
1338 775 1419 855 [rm.
1434 796 1467 840 v.

514 950 677 1014 dominum
693 947 823 1010 vendat,
867 947 980 1010 Omnis
995 948 1080 1010 enim
1101 947 1314 1029 magistratus,
1332 947 1467 1031 justitia

514 1051 652 1114 famulus
675 1058 733 1112 est.
777 1049 913 1112 Constat
939 1050 1023 1112 enim
1049 1050 1124 1132 quia
1148 1049 1283 1133 aequitas
1312 1049 1468 1112 alienatur

514 1175 535 1216 a
562 1151 740 1227 venditore,
768 1151 844 1214 licet
872 1149 914 1214 ad
952 1163 1129 1234 emptorem
1161 1171 1227 1213 uon
1256 1160 1407 1224 transeat,
1436 1160 1468 1212 et

514 1265 625 1337 empta
655 1252 807 1336 iniquitas
835 1251 882 1314 sic
913 1251 953 1316 ad
987 1265 1161 1335 emptorem
1195 1253 1318 1331 transit,
1348 1263 1384 1315 ut
1411 1273 1467 1314 ne·

515 1375 676 1441 quaquam
705 1375 726 1417 a
754 1353 920 1417 venditore
948 1354 1088 1418 recedat.
1137 1356 1182 1418 Et
1216 1354 1304 1438 quod
1335 1355 1367 1416 in
1397 1354 1467 1418 aliis

515 1457 735 1523 contractibus
748 1477 814 1519 non
829 1457 997 1540 reperitur,
1009 1459 1096 1520 solus
1111 1457 1167 1520 ille
1177 1457 1335 1542 justitiam
1348 1455 1468 1534 rendit,

516 1559 572 1642 qui
586 1577 652 1620 nou
666 1556 774 1620 habet.
805 1555 972 1640 Siquidem
989 1567 1062 1620 ante
1078 1557 1306 1621 commercium
1317 1557 1469 1641 relinquit

515 1658 681 1724 sordidum
703 1657 912 1722 venditorem.
958 1660 1077 1722 Nonne
1100 1658 1247 1722 sordidus
1269 1668 1329 1736 est,
1348 1659 1404 1742 qui
1426 1657 1467 1721 ad

516 1772 677 1844 acceptas,
692 1760 743 1824 rel
763 1759 887 1822 oblatas
908 1759 1030 1838 sordes,
1045 1760 1275 1822 conscientiam
1296 1759 1422 1842 polluit,
1437 1767 1470 1822 et

515 1883 582 1926 nou
592 1871 657 1924 tam
661 1860 819 1945 justitiam
832 1861 975 1924 venalem
986 1859 1095 1939 habet,
1104 1882 1200 1945 quam
1210 1861 1350 1924 animam
1359 1858 1467 1924 suam?

516 1965 642 2028 Doctor
666 1961 809 2043 gentium
833 1961 971 2039 divitias,
997 1963 1145 2038 honores,
1173 1972 1205 2026 et
1231 1964 1328 2026 totius
1356 1960 1468 2024 mundi

516 2064 635 2127 variam
645 2062 903 2145 suppellectilem
918 2064 1095 2126 contemnit
1104 2075 1141 2127 ut
1154 2077 1304 2141 stercora,
1313 2071 1350 2127 ut
1365 2065 1469 2127 solum

516 2163 696 2229 lucrifaciat
717 2163 892 2238 Christum,
915 2175 1001 2226 ratus
1023 2165 1143 2242 omnia,
1165 2185 1237 2249 quae
1264 2163 1469 2248 dispendium

517 2267 611 2331 saluti
631 2267 777 2339 afferunt,
792 2264 941 2328 sordibus
961 2266 1172 2348 aggreganda.
1215 2268 1319 2331 Recte
1337 2266 1467 2351 quidem

517 2382 551 2432 et
570 2366 716 2444 fideliter,
730 2388 769 2430 eo
789 2366 877 2450 quod
897 2367 977 2429 nihil
1001 2367 1166 2446 mundum,
1186 2368 1265 2431 nihil
1286 2369 1469 2445 honestum,

517 2471 596 2535 nihil
613 2469 731 2533 decens
746 2469 883 2532 salutem
897 2465 1043 2551 impedit,
1054 2467 1111 2532 sed
1127 2471 1195 2534 sola
1210 2471 1384 2554 turpitudo,
1396 2493 1469 2554 quae

516 2570 602 2636 sicut
623 2569 768 2648 dedecet,
788 2571 835 2634 sic
854 2580 887 2634 et
907 2569 1072 2633 immunda
1092 2580 1153 2648 est,
1173 2582 1206 2635 et
1228 2581 1314 2636 certe
1336 2573 1469 2650 inutilis,

518 2672 600 2736 adeo
616 2669 779 2748 damnosa,
795 2679 830 2734 ut
842 2671 932 2733 nullo
948 2671 1116 2754 temporali
1132 2674 1350 2737 emolumento
1366 2675 1468 2736 valeat

517 2773 727 2858 compensari.
764 2769 850 2845 Quid
862 2773 946 2835 euim
959 2771 1091 2856 prodest
1102 2774 1236 2853 homini,
1249 2775 1276 2839 si
1287 2777 1469 2839 uni'versum

517 2877 675 2941 mundum
689 2878 839 2951 lucretur,
854 2875 976 2938 faciens
999 2876 1226 2939 detrimentum
1246 2878 1361 2942 animae
1380 2876 1467 2942 sumi

517 2975 662 3052 Etvide,
677 2976 833 3060 quianon
856 2974 939 3039 dixit
961 2975 1118 3039 muudum
1140 2977 1287 3042 inutilem
1308 2980 1364 3042 ubi
1384 2980 1469 3043 salus

518 3077 671 3161 perditur,
687 3076 855 3139 sedetiam
871 3078 927 3140 ubi
944 3078 1095 3140 minuitur
1109 3079 1219 3161 gloria.
1256 3080 1470 3153 Quantumvis

518 3179 650 3242 rutilent
668 3198 815 3261 gemma,
829 3198 942 3241 aurum
962 3178 1140 3263 splendeat,
1155 3189 1188 3243 et
1208 3182 1360 3245 omnibus
1381 3184 1471 3245 lano·

519 3281 612 3346 ciniis
641 3282 708 3343 suis
739 3280 876 3343 arrideat
909 3280 1060 3357 muudus,
1090 3282 1245 3367 quicquid
1281 3283 1470 3347 munditiam

519 3382 660 3446 hominis
680 3380 820 3463 perimit,
841 3380 1028 3457 sordidum3
1068 3382 1156 3467 quod
1182 3383 1331 3447 decorem
1353 3384 1471 3447 animae

517 3482 686 3563 extinguit,
710 3490 820 3562 turpe3
851 3481 940 3562 quod
961 3482 1163 3549 honestatam
1190 3486 1354 3560 subvertit,
1378 3488 1470 3569 igno·

517 3583 689 3649 miniosum
714 3592 773 3645 est.
820 3580 916 3645 Unde
940 3594 973 3645 et
997 3584 1083 3667 apud
1110 3586 1272 3671 antiquos,
1297 3587 1395 3651 etiam
1418 3608 1470 3652 sa·

516 3686 650 3750 lutiferae
664 3682 805 3748 veritatis
819 3684 958 3765 ignaros,
973 3705 1067 3748 omne
1084 3687 1172 3770 quod
1189 3708 1231 3751 ex
1247 3687 1357 3752 debito
1372 3689 1469 3753 officii

519 3788 691 3870 gratuitum
704 3807 774 3850 esse
789 3796 924 3869 oportet,
939 3786 966 3849 si
984 3786 1093 3851 fiatad
1110 3789 1257 3871 pretium,
1274 3792 1306 3853 iu
1324 3790 1470 3854 sordibus

519 3900 753 3974 computantur.
800 3889 909 3971 lpsius
929 3909 1059 3973 quoque
1077 3890 1172 3972 pretii
1193 3891 1239 3955 sic
1264 3891 1398 3955 dilatant
1420 3892 1471 3954 iu·

518 3992 797 4073 terpretationem;
822 4003 944 4054 utnon
967 3990 1063 4054 modo
1086 3993 1269 4076 pecuniam,
1291 3994 1471 4077 speciemve

518 4090 692 4170 contineat,
718 4091 776 4155 aed
801 4092 1001 4176 obsequium,
1022 4114 1213 4178 omnemque
1233 4115 1374 4178 operam,
1394 4114 1471 4177 qua·

518 4205 613 4257 tenus
628 4193 706 4257 alias
719 4214 785 4257 non
800 4192 944 4257 debetur.
983 4193 1079 4265 Quod
1091 4196 1176 4259 enim
1193 4216 1236 4259 ex
1252 4196 1399 4259 sordibus
1414 4205 1472 4273 est,

520 4290 597 4375 quid
626 4291 686 4354 erit
713 4292 776 4354 nisi
806 4286 991 4355 sordidum?
1031 4293 1108 4356 Non
1135 4294 1221 4356 enim
1246 4303 1354 4377 potest
1379 4293 1472 4356 arbor

520 4396 614 4472 mala,
638 4393 761 4457 fructus
782 4394 888 4455 bonos
912 4392 1027 4469 facere,
1046 4416 1143 4477 quum
1165 4396 1200 4458 in
1223 4417 1261 4459 eo
1282 4397 1329 4459 vis
1351 4406 1471 4459 natura
