3575 5575
328 788 397 836 cae.
414 772 539 848 xxvia]
687 787 940 834 ronronnrrcus.
1223 776 1285 836 lau

327 949 359 1002 et
375 938 463 1002 nulla
475 939 659 1003 necessitate
670 951 845 1024 urgeantur
860 938 901 1002 ad
917 936 1112 1024 implendam
1120 937 1282 1021 justitiam

327 1035 399 1100 Dei.
454 1037 517 1101 Sed
541 1036 699 1122 numquid
727 1036 775 1099 vel
801 1035 857 1112 sie,
882 1035 924 1098 ad
955 1048 1080 1101 tautum
1102 1039 1282 1101 tonitruum

326 1137 579 1204 comminationis
593 1137 723 1215 divinae,
739 1135 896 1224 σκληρότης
911 1138 1047 1223 pectoris
1061 1137 1214 1218 indurati,
1224 1151 1282 1203 aut

327 1253 444 1320 tumor,
461 1239 517 1326 qui
534 1238 712 1325 tyrannidis
731 1239 904 1324 iniquitate
917 1239 952 1303 in
965 1239 1059 1303 corde
1075 1238 1179 1303 Saulis
1194 1238 1281 1303 viva·

326 1338 392 1406 cius
407 1339 579 1434 coaluerat,
594 1339 702 1426 potuit
716 1339 876 1404 emolliri?
915 1343 1141 1425 Nequaquam.
1188 1339 1282 1406 Dixit

325 1439 409 1502 enim
426 1440 503 1506 Saul
517 1440 558 1504 ad
583 1439 780 1504 Samuelem:
805 1440 950 1514 Peccavi,
966 1439 1043 1526 quia
1057 1440 1283 1526 praevaricatus

328 1561 398 1603 aum
412 1563 586 1604 sermonem
600 1541 742 1618 Domini,
755 1553 787 1604 et
799 1541 897 1604 verba
907 1553 974 1615 tua,
987 1541 1102 1604 timens
1113 1541 1281 1626 populum,

327 1653 360 1704 et
374 1639 525 1704 obediens
540 1644 609 1705 voci
624 1661 745 1705 eorum.
790 1639 853 1705 Sed
874 1661 960 1703 nunc
977 1651 1070 1723 porta
1084 1641 1195 1724 qu’aeso
1211 1662 1281 1725 pec-

328 1753 435 1806 catum
456 1763 575 1818 meum,
590 1755 622 1805 et
646 1752 804 1805 revertere
820 1763 956 1817 mecum,
974 1754 1008 1806 ut
1024 1739 1155 1816 adorem,
1169 1743 1282 1806 Domi·

328 1859 417 1906 num.
461 1845 507 1907 Et
522 1845 566 1907 ait
587 1844 733 1908 Samuelz
758 1845 832 1906 Non
853 1856 1004 1918 revertar,
1024 1840 1101 1926 quia
1119 1841 1280 1927 projecisti

328 1965 502 2008 sermonem
519 1943 660 2023 Domini,
675 1955 707 2008 et
728 1944 863 2029 projecit
885 1958 917 2008 te
939 1942 1097 2006 Dominus
1112 1965 1150 2006 ne
1165 1943 1207 2007 sis
1222 1966 1279 2011 rex

326 2067 422 2131 super
447 2045 555 2110 lsrael.
601 2043 740 2110 Videsne
764 2068 860 2131 quarn
887 2044 1014 2110 difficile
1044 2045 1085 2110 sit
1111 2045 1277 2125 malitiam,

326 2171 427 2234 quum
452 2145 608 2233 superbiae
623 2146 764 2212 fomento
783 2148 946 2228 coaluerit,
961 2147 1065 2213 verbis
1084 2162 1116 2213 et
1130 2149 1279 2214 exhorta·

325 2252 411 2313 tione
433 2247 564 2312 curari?
601 2247 746 2327 Peccavi,
772 2247 888 2334 iuquit,
915 2249 1030 2314 timens
1053 2250 1221 2335 populum,
1244 2264 1277 2315 et

325 2349 478 2416 obediens
494 2348 564 2413 voci
585 2372 706 2414 eorum.
754 2351 867 2414 Nonne
889 2350 934 2414 sic
947 2350 1069 2416 fatetur
1091 2351 1227 2438 culpam,
1242 2367 1280 2418 ut

326 2453 435 2538 potius
456 2453 598 2518 involvat
620 2453 709 2532 alios,
732 2456 799 2539 qui,
821 2453 848 2516 si
871 2453 1018 2539 princeps
1037 2468 1131 2534 esset,
1151 2454 1281 2522 fuerant

325 2555 501 2631 relaxandi,
527 2577 623 2640 quam
654 2555 792 2641 seipsum
822 2554 998 2640 expediat?
1036 2554 1206 2641 Numquid
1235 2560 1282 2622 sic

325 2656 470 2720 audierat
488 2656 598 2720 fecisse
615 2657 762 2740 Moysen,
779 2678 879 2740 quum
894 2659 944 2721 ira
958 2656 1021 2718 Dei
1036 2656 1161 2720 soeviret
1175 2657 1208 2720 iu
1224 2679 1281 2741 po-

325 2757 449 2843 pulum,
462 2756 659 2843 dixissetque
674 2759 704 2821 ei
720 2757 899 2822 Dominus:
923 2755 1060 2821 Dimitte
1075 2776 1136 2834 me,
1150 2769 1186 2822 ut
1202 2760 1280 2825 iras-

326 2871 419 2922 catur
432 2857 523 2923 furor
536 2880 625 2923 meus
639 2858 670 2921 iu
687 2861 819 2945 populo,
834 2872 867 2923 et
881 2856 1004 2922 deleam
1018 2880 1104 2936 eum,
1119 2871 1151 2923 et
1166 2858 1281 2927 faciam

325 2974 358 3026 te
373 2982 510 3025 crescere
525 2962 557 3025 in
573 2975 699 3047 gentem
721 2983 877 3045 magnam.
923 2960 1009 3039 Quid
1029 2984 1106 3047 ergo
1119 2962 1194 3028 fecit
1209 2964 1278 3029 dux

325 3062 475 3149 idemque
497 3063 600 3129 fidelis
623 3064 769 3149 princeps
791 3064 824 3127 in
848 3063 1047 3149 beneplacito
1071 3088 1141 3142 auo,
1161 3066 1279 3132 consti·

325 3174 446 3228 tutusa
462 3166 621 3229 Domino?
645 3164 714 3229 Aut
730 3163 856 3228 dimitte
865 3165 921 3242 eis,
930 3162 1048 3249 inquit,
1058 3165 1139 3229 hanc
1148 3188 1277 3246 noxam,

325 3279 381 3330 aut
404 3265 544 3330 deleme
568 3267 608 3331 de
634 3266 716 3331 libro
739 3279 806 3331 tuo.
853 3267 918 3333 Sed
942 3268 1101 3354 numquid
1122 3270 1157 3333 iu
1179 3282 1280 3339 tautoe

324 3367 465 3433 caritatis
494 3368 610 3433 affectu
640 3369 800 3455 propriam
831 3370 994 3455 quaerebat
1022 3370 1184 3455 gloriam?
1224 3378 1279 3440 In.

325 3468 397 3553 quit
413 3469 497 3532 enim
513 3470 783 3535 mansuetissimus
798 3479 955 3556 princeps,
970 3472 1045 3557 pius
1058 3486 1161 3558 pater,
1178 3474 1277 3539 diser·

325 3582 379 3633 tus
394 3582 510 3644 orator,
526 3585 639 3655 potens
658 3572 691 3634 in
713 3595 819 3655 opere,
836 3587 867 3637 et
888 3595 1042 3653 sermone,
1055 3574 1124 3638 dux
1144 3598 1278 3660 praeam

324 3669 421 3734 bolus
436 3669 468 3733 in
487 3670 616 3756 justitia
630 3672 853 3739 mandatorum
876 3676 957 3740 Dei:
982 3675 1098 3739 Dicent
1113 3677 1278 3762 AEgyptii,

325 3771 450 3837 Callida
472 3771 567 3837 duxit
589 3795 643 3836 eos
663 3774 823 3837 Dominus
844 3773 885 3837 de
907 3776 1067 3860 AEgypto,
1083 3788 1119 3840 ut
1139 3791 1278 3862 proster-

324 3887 413 3939 neret
426 3874 460 3938 in
476 3874 611 3939 deserto.
646 3875 700 3938 Sic
714 3896 791 3958 ergo
805 3873 901 3937 etiam
918 3878 968 3940 sui
982 3875 1084 3961 ipsius
1098 3876 1279 3963 dispendio,

326 3976 455 4041 Domini
470 3977 603 4062 gloriam
619 3976 831 4062 praeoptabat,
840 3987 872 4040 et
884 3976 1007 4062 populi,
1016 3978 1110 4064 cujus
1120 3979 1276 4051 ducatum

326 4077 537 4155 ministrabat,
549 4078 780 4143 liberationem.
811 4077 919 4143 David
931 4102 1060 4165 quoque
1069 4100 1168 4165 quum
1180 4083 1275 4168 culpa

325 4180 394 4264 ejus
410 4181 586 4245 Dominum
607 4182 648 4245 ad
664 4178 860 4245 iracundiam
880 4196 1092 4268 provocasset,
1107 4196 1138 4248 et
1159 4183 1274 4269 princi·

323 4280 404 4365 palis
423 4282 526 4367 cnlpae
542 4284 704 4369 subjectus
724 4283 863 4370 populus
882 4297 1024 4369 portaret
1038 4307 1175 4370 poenam,
1193 4287 1272 4351 vidit

325 4381 474 4467 angelum
491 4384 552 4447 Dei
566 4385 738 4449 coedentem
752 4385 918 4468 populum.
964 4387 1064 4450 Fudit
1079 4386 1189 4472 itaque
1204 4410 1276 4472 pre·¹
