3575 5575
478 812 521 870 6⁰
731 824 868 869 scansus
884 822 1164 868 sauasnsmausrs
1298 805 1381 887 [arn.
1399 824 1436 869 11.

481 974 555 1058 Ego
577 975 764 1038 sententiam
781 986 813 1037 et
836 973 1029 1039 verissimam
1050 985 1083 1037 et
1104 972 1321 1039 fidelissimam
1344 986 1435 1061 puto.

480 1074 567 1153 Quid
593 1076 678 1139 enim
704 1076 800 1139 refert
827 1075 869 1139 ad
892 1073 1151 1159 consequentiam
1174 1094 1290 1148 rerum,
1313 1076 1435 1162 siquis

478 1175 575 1238 semel
589 1189 646 1240 aut
661 1176 798 1261 amplius
813 1175 1059 1240 sternutaverit?
1082 1172 1173 1249 Quid
1188 1178 1215 1239 si
1230 1176 1434 1241 oscitaverit?

480 1277 566 1355 Quid
582 1277 720 1363 denique
740 1279 764 1342 si
781 1277 1006 1362 undecumque
1025 1299 1135 1342 sonum
1159 1277 1323 1343 emiserit?
1354 1280 1436 1341 Haec

479 1394 586 1443 tamen
607 1402 650 1445 ex
671 1380 774 1443 causis
795 1401 876 1465 quas
898 1378 1027 1463 Physici
1049 1391 1218 1455 noverunt,
1234 1379 1435 1465 aliquatenus

477 1478 606 1543 adeum
622 1478 782 1566 pertinent
797 1481 880 1544 circa
895 1502 992 1564 quem
1007 1478 1100 1542 fiunt.
1130 1482 1223 1557 Esto,
1239 1480 1317 1543 dum
1332 1479 1435 1544 aliena

478 1601 576 1665 opera
600 1579 766 1665 impedire,
789 1592 845 1644 aut
872 1601 1058 1666 promovere
1081 1601 1144 1641 non
1167 1593 1298 1665 queant.
1343 1579 1434 1643 Sicut

476 1702 535 1745 nec
556 1680 662 1744 inania
682 1681 832 1756 carmina,
848 1692 904 1743 aut
928 1678 1158 1763 superstitiosoe
1180 1680 1330 1766 quaedam
1352 1680 1434 1765 liga·

477 1794 571 1858 turae‚
583 1805 658 1868 quae
674 1793 742 1846 tota
753 1780 948 1846 medicorum
965 1794 1050 1843 secta
1064 1780 1266 1861 condemnat,
1276 1781 1350 1844 licet
1364 1780 1434 1844 haec

476 1881 546 1967 ipsa
561 1906 580 1945 a
592 1882 785 1968 quibusdam
800 1882 999 1946 eminentiori
1011 1881 1150 1967 quodam
1168 1884 1294 1946 nomine
1302 1882 1434 1969 physica

479 1982 599 2047 soleant
629 1982 793 2069 appellari.
844 1982 1017 2068 Physicum
1047 1985 1164 2049 etenim
1193 1984 1317 2063 dicunt,
1341 1984 1435 2069 cujus

480 2083 693 2149 occultissima
708 2084 791 2147 ratio
806 2096 866 2159 est,
882 2096 918 2147 ut
934 2086 1074 2147 humano
1089 2107 1182 2149 sensu
1197 2096 1334 2169 nequeat
1350 2104 1435 2146 com-

479 2185 644 2273 prehendi.
689 2185 780 2250 Nihil
809 2185 926 2250 etenim
955 2198 1015 2264 est,
1044 2184 1097 2250 vel
1126 2186 1175 2262 fit,
1204 2190 1297 2272 cujus
1325 2197 1433 2249 ortum

478 2285 621 2371 legitima
642 2308 748 2362 causa,
763 2296 795 2349 et
818 2283 901 2349 ratio
920 2307 982 2348 non
1005 2285 1206 2369 praecedant:
1237 2300 1270 2349 et
1291 2298 1329 2349 ut
1351 2284 1432 2349 alius

478 2384 534 2461 ait,
551 2384 641 2449 Nihil
657 2385 693 2449 fit
708 2385 740 2448 in
757 2395 842 2449 terra
857 2384 923 2447 sine
938 2407 1042 2449 causa.
1080 2384 1215 2450 Constat
1230 2386 1340 2471 itaque
1355 2386 1433 2470 quia

478 2486 610 2563 artificis
630 2500 753 2553 uaturae
768 2509 898 2550 manum
920 2486 998 2550 nihil
1014 2487 1132 2552 evadit.
1177 2489 1231 2550 Ex
1246 2510 1311 2572 quo
1325 2507 1433 2549 conse·

478 2602 612 2674 quenter
637 2601 724 2675 patet
749 2591 791 2655 ad
819 2589 983 2674 physicam
1013 2589 1120 2653 omnia
1147 2588 1315 2675 pertinere.
1358 2588 1433 2671 Ego

475 2690 605 2776 quidem
618 2713 813 2777 quocunque
825 2690 920 2755 modo
934 2690 996 2755 ista
1005 2714 1039 2756 se
1054 2691 1203 2770 habeant,
1212 2689 1433 2753 indubitanter

476 2794 570 2857 credo
587 2794 642 2859 illa
654 2796 724 2860 sola
744 2819 806 2859 non
822 2819 890 2860 esse
912 2795 1102 2881 respuenda,
1117 2818 1192 2881 quae
1211 2816 1252 2857 ex
1274 2792 1338 2856 fide
1357 2812 1431 2878 pro-

476 2895 619 2975 veniunt,
633 2908 665 2960 et
688 2898 872 2962 referuntur
895 2896 936 2959 ad
951 2897 1086 2980 gloriam
1108 2895 1335 2981 omnipotentis
1350 2893 1429 2966 Dei;

476 3016 578 3078 quum
594 2995 749 3079 scriptum
765 2996 920 3071 noverim,
933 2997 1041 3059 omnia
1055 3019 1257 3081 quaecunque
1274 2997 1307 3059 in
1322 3018 1428 3081 opere,

475 3094 525 3158 vel
548 3095 645 3159 verbo
662 3093 814 3171 feceritis,
829 3095 861 3157 in
885 3095 1011 3157 nomine
1033 3094 1166 3160 Domini
1186 3097 1292 3170 facite,
1309 3096 1340 3158 in
1364 3119 1429 3182 quo

475 3196 543 3262 sola
558 3199 610 3261 via
624 3195 760 3262 bominis
775 3210 991 3284 prosperatur.
1024 3196 1078 3261 Sic
1091 3197 1232 3260 omnium
1248 3210 1429 3262 sanctorum

476 3298 572 3363 turba
586 3301 755 3384 praecessit.
801 3299 1007 3365 Gutbbertus
1022 3296 1155 3383 signifer
1169 3297 1301 3384 quidam
1323 3301 1429 3380 gentis

477 3410 594 3461 nostra
615 3399 648 3461 in
671 3398 740 3483 lege
757 3400 887 3465 Domini
909 3398 1123 3484 Evangelium
1146 3397 1305 3461 Johannis
1319 3419 1428 3482 super-¹

475 3499 614 3582 ponebat
624 3500 768 3580 infirmis,
777 3513 808 3565 et
817 3502 1023 3565 curabantur.
1051 3500 1144 3563 Beati
1154 3499 1307 3584 Stephani
1319 3497 1429 3563 tunica

475 3603 676 3686 superposita
691 3614 852 3666 mortuum
873 3603 1047 3667 suscitavit.
1087 3599 1273 3686 Symbolum
1290 3606 1426 3687 Aposto-

473 3700 577 3766 lorum
590 3701 939 3787 daemoniacum‚aquo
949 3704 1145 3788 gestabatur,
1155 3704 1290 3768 curavit.
1313 3704 1427 3767 Oratio

472 3805 640 3869 Dominica
663 3805 779 3879 herbis,
803 3804 881 3869 dum
909 3805 1098 3889 legebantur
1123 3818 1179 3870 aut
1201 3805 1363 3869 dabantur
1384 3825 1424 3864 ex

473 3902 536 3966 fide
547 3905 644 3981 dicta,
655 3905 825 3991 saepissime
837 3907 973 3970 contulit
984 3920 1131 3992 optatum
1144 3907 1254 3970 salutis
1264 3904 1425 3967 effectum.

476 4000 593 4067 Beatus
605 4007 798 4071 Benedictus
814 4009 905 4091 signo
916 4008 1017 4072 crucis
1033 4032 1089 4073 vas
1102 4007 1301 4070 mortiferum
1318 4004 1427 4086 fregit,

473 4125 510 4164 ac
528 4105 553 4164 si
572 4126 631 4189 pro
652 4103 742 4187 signo
760 4105 903 4190 lapidem·
920 4107 1105 4170 intorsisset.
1143 4103 1295 4189 Capitula
1316 4105 1425 4165 Evan-

472 4201 547 4285 gelii
566 4214 701 4287 gestata,
724 4209 772 4268 vel
794 4205 915 4283 audita,
939 4208 987 4270 vel
1006 4207 1102 4284 dicta,
1124 4205 1330 4268 inveniuntur
1351 4226 1425 4289 pro·

471 4301 569 4366 fuisse
591 4304 846 4389 quamplurimis.
893 4309 974 4371 Haec
996 4305 1145 4390 equidem
1167 4317 1199 4366 et
1225 4302 1339 4366 similia
1361 4326 1424 4367 non

472 4403 568 4492 modo
583 4403 679 4480 licita,
695 4405 749 4469 sed
766 4421 797 4470 et
809 4407 976 4472 utilissima
989 4420 1073 4471 sunt.
1105 4406 1181 4470 Alia
1192 4430 1267 4471 vero
1280 4428 1340 4470 non
1358 4422 1421 4471 tam
