3575 5575
497 790 562 850 280
759 806 894 851 scaurus
910 805 1189 852 sanesaaureusrs
1320 789 1401 864 [cm.
1420 807 1453 850 v.

497 954 651 1040 pluviam,
680 970 768 1023 etos
799 979 892 1021 suum
923 955 1107 1040 aperiebant
1127 955 1219 1040 quasi
1245 955 1285 1019 ad
1315 955 1449 1020 imbrem

498 1055 683 1121 serotinum.
722 1056 756 1121 Si
767 1055 897 1143 quaudo
908 1055 1049 1120 ridebam
1064 1054 1106 1119 ad
1117 1077 1182 1129 eos,
1193 1076 1255 1118 uon
1267 1056 1450 1135 credebant,

498 1169 533 1221 et
552 1158 612 1220 lux
634 1157 744 1222 vultus
766 1158 829 1222 mei
848 1180 911 1221 nou
933 1156 1066 1221 cadebat
1087 1156 1118 1220 iu
1135 1170 1262 1221 terram.
1309 1157 1343 1222 Si
1358 1159 1451 1222 volu-

496 1257 589 1322 issem
606 1259 652 1322 ire
666 1258 707 1324 ad
723 1282 788 1335 eos,
798 1258 946 1322 sedebam
960 1257 1091 1342 primus.
1123 1258 1296 1342 Quumque
1309 1259 1449 1323 sederem

496 1361 588 1446 quasi
614 1383 671 1425 rex
697 1360 838 1424 exercitu
866 1359 1101 1440 circumstante,
1127 1381 1211 1422 eram
1239 1371 1344 1424 tamen
1374 1382 1450 1423 moe-

499 1463 635 1528 rentium
656 1464 846 1527 consolator.
889 1463 975 1526 Ecce
995 1460 1149 1547 regnandi
1169 1462 1287 1526 inviro
1304 1463 1395 1548 justo
1408 1485 1448 1526 ex

498 1589 612 1651 magua
623 1578 713 1651 parte
723 1587 871 1650 expressa
879 1575 927 1628 est
936 1564 1083 1639 formula,
1099 1586 1196 1653 quam
1213 1564 1239 1628 si
1254 1587 1312 1651 per
1327 1564 1449 1650 singula

498 1670 615 1752 exequi
640 1666 848 1744 voluerimus,
871 1665 988 1751 integri
1014 1665 1089 1730 libri
1114 1666 1378 1751 magnitudinem,
1402 1670 1449 1731 iu·

498 1781 653 1833 certarum
678 1768 831 1833 virtutum
856 1767 950 1830 series
976 1766 1027 1830 vel
1054 1768 1119 1832 sola
1143 1767 1323 1852 complebit.
1369 1767 1450 1834 Dili-

497 1894 576 1954 gens
598 1869 696 1937 lector
719 1867 844 1954 singula
866 1868 964 1931 verba
982 1867 1143 1944 discutiet,
1163 1869 1238 1955 quia
1256 1871 1290 1933 in
1312 1868 1362 1933 his
1383 1891 1450 1932 om-

496 1974 607 2052 nibus,
625 1995 683 2036 nec
704 1973 781 2049 iota,
804 1994 861 2035 nec
887 1993 970 2056 apex
993 1993 1012 2034 a
1035 1970 1186 2057 mysterio
1212 1970 1323 2035 salutis
1348 1983 1449 2036 vacat.

497 2074 606 2138 Pauca
616 2083 721 2135 tamen
731 2091 806 2157 quac
817 2072 850 2135 iu
863 2071 932 2157 ipsa
942 2071 1109 2158 superficie
1118 2071 1286 2136 verborum
1299 2073 1449 2151 eminent,

497 2186 620 2259 quanta
641 2185 752 2259 potero
773 2174 931 2237 brevitate
959 2175 1184 2259 perstringam.
1228 2173 1376 2250 Quando,
1402 2175 1450 2238 iu-

496 2276 579 2362 quit,
594 2275 740 2339 lavabam
756 2275 854 2361 pedes
874 2297 960 2338 meos
982 2276 1112 2361 butyro,
1128 2288 1159 2339 et
1180 2287 1271 2360 petra
1291 2275 1448 2341 fundebat

495 2377 572 2446 mibi
586 2378 672 2444 rivos
686 2377 758 2459 olei,
773 2401 874 2464 quum
889 2378 922 2441 in
939 2391 1049 2464 parata
1064 2377 1215 2442 cathedra
1230 2376 1398 2444 residerem
1413 2379 1446 2443 iu

495 2479 612 2567 platea,
623 2480 1049 2566 abscondebanturjuvenes,
1060 2493 1092 2544 et
1104 2480 1183 2545 mihi
1198 2481 1448 2545 senesastabaut.

498 2579 608 2646 Iunuit
626 2602 703 2666 ergo
717 2579 792 2666 quia
810 2601 914 2644 rerum
931 2579 1105 2660 affluentia,
1119 2580 1358 2667 gratiarumque
1372 2603 1447 2645 con·

494 2704 617 2758 cursus,
633 2681 661 2745 ei
678 2680 880 2767 prudentiam
899 2702 961 2743 non
977 2679 1181 2760 excusserint,
1196 2680 1250 2744 sed
1265 2683 1297 2745 iu
1318 2681 1366 2746 his
1381 2705 1448 2746 om-

496 2783 591 2850 nibus
613 2807 653 2848 ex
668 2781 869 2862 couscientia,
887 2795 920 2847 et
943 2781 1124 2848 testimonio
1144 2782 1301 2848 bonorum
1316 2807 1448 2871 operum

495 2886 668 2951 auctoritas
683 2886 869 2950 inconcussa
883 2886 1065 2971 permansit.
1112 2885 1350 2971 Egrediebatur
1365 2888 1446 2953 enim

492 2987 534 3053 ad
550 3001 675 3074 portam
686 2986 744 3073 qui
756 2987 886 3052 latebris
901 3010 963 3051 uon
979 2988 1104 3070 egebat,
1116 3000 1148 3052 et
1164 2989 1220 3074 qui
1232 2988 1366 3053 docendi
1379 3006 1450 3076 pro-

494 3102 653 3155 meruerat
668 3088 786 3167 sedem,
802 3112 912 3153 senum
935 3090 1138 3175 prudentiam
1154 3091 1307 3175 erigebat,
1321 3092 1449 3158 levitate

381 3240 387 3255 .
490 3192 624 3276 juvenili
660 3191 855 3257 abscondita.
902 3191 1078 3255 Cessabant
1103 3191 1195 3277 ,loqui
1225 3192 1393 3279 principes,
1416 3207 1448 3257 et

493 3294 603 3374 lingua
618 3292 736 3358 ducum
750 3291 878 3376 gutturi
894 3291 1091 3366 adhaerebat,
1109 3314 1172 3356 nou
1184 3292 1339 3357 audentes
1353 3316 1447 3379 gran-

495 3389 549 3454 dia
570 3390 668 3477 loqui,
691 3404 723 3454 et
753 3392 916 3478 imponere
946 3391 977 3453 in
1002 3391 1142 3457 humeris
1165 3392 1328 3457 homiuum
1351 3416 1447 3459 onera

495 3492 719 3579 importabilia,
735 3516 810 3579 quae
825 3516 882 3557 uec
906 3492 1071 3578 superficie
1086 3494 1180 3582 digiti
1198 3494 1285 3581 tangi
1304 3510 1444 3582 possunt.

494 3596 640 3661 Docebat
655 3596 736 3659 euim
755 3617 879 3661 omnem
901 3595 1030 3661 virtutis
1045 3596 1172 3662 laudem
1190 3599 1223 3662 iu
1238 3599 1361 3664 actione
1376 3622 1447 3664 cou-

494 3698 810 3785 sistere,cassumque
820 3697 1092 3785 essespleudorem
1102 3699 1331 3776 verbi,cuinon
1342 3702 1448 3765 subest

494 3800 637 3867 soliditas
651 3801 766 3888 operis.
813 3802 851 3863 ln
867 3799 953 3864 omni
968 3821 1075 3886 opere,
1090 3798 1195 3884 inquit
1214 3800 1370 3874 Salomon,
1387 3800 1446 3865 erit

494 3901 702 3984 abundantia,
725 3903 780 3966 ubi
803 3916 911 3967 autem
934 3902 1033 3967 verba
1055 3914 1130 3966 sunt
1152 3902 1300 3987 plurima,
1321 3902 1365 3965 ibi
1385 3903 1447 3965 fre-

494 4015 630 4085 quenter
659 4015 790 4086 egestas.
840 4004 1027 4091 Principum
1060 4026 1133 4068 vero
1162 4016 1193 4069 et
1223 4003 1359 4068 divitum
1389 4017 1447 4079 est,

495 4101 574 4167 alios
587 4103 621 4166 iu
638 4106 689 4167 via
702 4124 826 4167 morum
842 4105 1033 4190 praecedere,
1042 4128 1105 4169 non
1117 4129 1192 4192 quae
1208 4105 1352 4170 facienda
1361 4120 1447 4183 suut,

494 4203 564 4270 aliis
579 4203 702 4270 tumide
717 4202 870 4272 intonare.
894 4208 995 4271 Auris
1009 4207 1153 4286 audiens,
1169 4221 1199 4273 et
1215 4213 1327 4273 oculus
1338 4210 1448 4273 videns

495 4310 697 4375 beatificabat
735 4332 794 4375 me.
859 4311 1079 4376 Instrumenta
1112 4312 1254 4398 corporis
1290 4311 1448 4397 eleganter

494 4412 663 4499 expressit,
686 4411 805 4500 quibus
821 4435 932 4479 sensus
955 4411 1067 4477 animae
1091 4413 1229 4477 maxime
1250 4413 1448 4479 convalescit.
