3575 5575
331 823 402 870 cae.
418 806 487 885 xa]
686 822 941 870 eotrcaarrcus.
1219 807 1282 867 829

331 979 455 1062 operari
470 979 503 1040 in
519 997 620 1040 messe
638 976 780 1055 Domini,
803 987 838 1040 ut
856 975 970 1039 merito
990 975 1066 1038 fidei
1091 985 1122 1037 et
1149 974 1283 1051 virtutis,

331 1091 416 1143 recte
433 1078 532 1140 videri
547 1089 656 1162 posset
670 1077 794 1140 vineam
811 1076 910 1162 patris
924 1077 956 1138 in
973 1098 1069 1139 manu
1084 1097 1191 1139 eorum
1208 1096 1281 1158 pru-

332 1180 445 1243 denter
466 1189 498 1242 et
520 1180 639 1242 utiliter
659 1179 859 1243 collocatam.
905 1180 948 1241 At
970 1178 1025 1240 alii
1046 1179 1093 1240 sic
1112 1187 1285 1254 versantur,

331 1304 368 1346 ac
387 1283 415 1345 si
434 1281 475 1346 ad
505 1282 636 1345 Thebas
656 1281 689 1344 in
711 1281 837 1346 facinus
862 1280 1051 1345 excitandas
1078 1281 1219 1344 mittatur·
1243 1279 1284 1341 ab

331 1383 441 1447 inferis
466 1382 673 1464 Thesiphoue
699 1385 749 1445 vel
774 1385 926 1465 Megaera.
971 1385 1057 1446 Nam
1080 1383 1144 1446 sere
1170 1382 1216 1444 sic
1243 1383 1283 1444 ab

332 1486 404 1548 aula
417 1495 527 1547 contra
537 1482 682 1546 omnium
695 1498 767 1547 vota
777 1483 933 1558 fidelium,
945 1484 986 1548 ad
999 1484 1143 1548 ecclesiae
1156 1483 1285 1566 publica

335 1586 441 1649 officia
456 1595 670 1648 accesserunt.
715 1584 813 1668 Apud
827 1585 885 1648 hos

506 1698 634 1770 judicium
644 1699 710 1750 nihil
722 1705 772 1766 est,
783 1701 833 1753 nisi
845 1700 949 1772 publica
959 1716 1068 1762 merces,

401 1785 492 1854 Atque
504 1801 593 1853 eques,
605 1785 633 1836 in
645 1802 723 1838 causa
733 1787 778 1855 qui
790 1787 876 1852 sedet,
888 1792 976 1858 empta
988 1787 1088 1858 probat.

332 1891 517 1956 Justificant
531 1889 666 1972 impium
686 1911 743 1973 pro
765 1890 962 1967 muneribus,
977 1890 1122 1953 exultant
1136 1888 1285 1951 in'rebus

333 1993 493 2075 pessimis,
507 1992 657 2054 laetantur
672 2013 771 2074 quum
787 1993 870 2055 mala
884 1992 985 2054 fiunt:

393 2105 501 2174 Vixque
512 2111 604 2158 tenent
613 2105 766 2174 lachrymas,
779 2123 858 2174 quum
869 2103 908 2156 nil
918 2103 1104 2172 lachrymabile
1115 2109 1230 2157 cernunt

335 2209 503 2292 Siquidem
517 2220 653 2294 peccata
667 2211 781 2294 populi
796 2209 978 2288 comedunt,
993 2218 1025 2272 et
1039 2210 1215 2273 vestiuntur
1229 2210 1289 2287 eis,

336 2325 369 2373 et
383 2308 414 2374 in
435 2312 482 2375 eis
505 2313 726 2395 multipliciter
747 2313 958 2376 luxuriantur.
1002 2313 1198 2392 Acceptores
1217 2330 1288 2391 per·

335 2433 497 2489 sonarum,
524 2426 557 2476 et
582 2414 674 2496 quasi
706 2411 840 2496 quidam
876 2415 1036 2474 bonorum
1073 2411 1197 2474 mallei:
1225 2411 1287 2474 hoc

336 2515 422 2578 enim
443 2514 628 2578 didicerunt
650 2515 692 2576 ab
719 2515 777 2590 eis,
802 2535 822 2578 a
847 2515 964 2596 quibus
988 2513 1083 2575 electi
1108 2522 1191 2576 sunt.
1236 2514 1290 2576 Ait

335 2617 509 2699 sapientia:
551 2615 682 2679 Venatio
714 2616 818 2678 leonis
848 2635 967 2694 onager
991 2615 1026 2675 in
1053 2635 1171 2692 eremo,
1196 2614 1290 2678 sicet

336 2738 456 2800 pascua
475 2718 610 2780 divitum
627 2726 702 2779 sunt
716 2737 883 2801 pauperes.
929 2717 975 2778 Et
995 2716 1080 2779 sieut
1094 2717 1289 2780 abominatio

338 2831 387 2882 est
401 2822 540 2903 superbo
555 2820 731 2897 humilitas,
743 2821 790 2882 sic
803 2819 964 2883 execratio
976 2830 1025 2882 est
1039 2819 1147 2883 divitis
1158 2840 1290 2902 pauper.

339 2921 440 2983 Dives
466 2931 646 2984 commotus
675 2920 915 2984 confirmabitur
944 2921 985 2983 ab
1015 2920 1137 2997 amicis,
1160 2921 1290 2984 humilis

337 3036 444 3086 autem
466 3045 563 3107 quum
586 3021 748 3101 ceciderit,
763 3024 943 3106 expelletur
960 3033 992 3086 et
1010 3044 1029 3085 a
1048 3021 1141 3085 notis.
1186 3023 1290 3085 Diviti

337 3121 474 3205 decepto
500 3123 590 3186 multi
617 3132 865 3207 recuperatores,
891 3124 1040 3207 loquutus
1066 3131 1115 3185 est
1143 3125 1291 3205 superba,

336 3241 369 3287 et
387 3224 645 3308 justificaverunt
670 3226 769 3288 illum.
826 3224 969 3287 Humilis
995 3222 1149 3307 deceptus
1175 3236 1233 3301 est,
1256 3237 1290 3287 et

337 3326 469 3408 insuper
483 3325 636 3407 arguitur.
668 3327 841 3407 Loquutus
855 3336 905 3388 est
920 3335 1055 3399 sensate,
1072 3336 1104 3388 et
1116 3347 1183 3389 non
1199 3335 1247 3389 est
1261 3326 1291 3389 ei

339 3426 432 3490 datus
446 3428 547 3490 locus.
592 3428 692 3491 Dives
706 3429 856 3511 loquutus
871 3437 930 3504 est,
945 3436 978 3489 et
988 3448 1100 3490 omnes
1114 3438 1291 3506 tacuerunt,

339 3538 372 3589 et
387 3528 517 3590 verbum
533 3529 618 3592 illius
632 3551 735 3613 usque
750 3527 792 3593 ad
806 3529 911 3593 nubes
935 3528 1120 3612 perducent.
1166 3530 1292 3612 Pauper

342 3629 495 3711 loquutus
509 3640 567 3705 est,
584 3640 616 3693 et
631 3630 763 3693 dicunt:
801 3631 882 3703 Quis
897 3639 946 3693 est
960 3628 1037 3693 hio?
1082 3631 1128 3692 Et
1142 3632 1170 3693 si
1191 3632 1292 3693 offen-

340 3728 432 3809 derit,
447 3730 636 3793 subvertunt
648 3731 750 3793 illum.
781 3732 828 3795 Et
854 3731 924 3793 haec
941 3730 1070 3813 quidem
1085 3743 1160 3794 sunt
1167 3731 1293 3814 judicia

339 3851 460 3908 eorum,
476 3850 559 3912 quos
574 3832 662 3894 curia
676 3830 796 3909 docuit,
823 3832 889 3893 imo
915 3831 1057 3894 omnium
1082 3832 1135 3915 qui
1155 3832 1293 3915 justitiae

342 3931 470 3994 divitias
484 3929 670 4014 prael'erunt,
686 3942 718 3993 et
738 3931 819 3994 nihil
842 3932 950 4015 potius
967 3931 1100 4010 ducunt,
1121 3954 1216 4017 quam
1236 3934 1292 3997 ha·

340 4034 416 4095 bere
442 4031 581 4111 divitias,
608 4054 673 4117 quo
698 4044 805 4095 tamen
838 4032 893 4095 vix
918 4032 1041 4116 aliquid
1066 4035 1208 4098 inutilius
1234 4045 1292 4099 est

343 4134 461 4195 Nullus
496 4136 628 4197 istorum
657 4136 791 4211 exultat,
821 4156 918 4218 quum
950 4133 1111 4199 Christum
1142 4135 1228 4198 videt
1260 4136 1295 4198 in

342 4234 442 4307 terris,
459 4237 567 4297 nullus
582 4256 691 4298 eorum
707 4246 763 4314 est,
779 4236 835 4319 qui
846 4236 923 4299 velit
940 4258 1013 4299 eum
1026 4257 1100 4300 eum
1112 4237 1296 4300 hominibus

344 4334 536 4411 conversari,
559 4336 669 4398 nullus
692 4336 749 4418 qui
780 4336 822 4398 ad
848 4337 936 4399 bona
958 4356 1054 4419 opera
1075 4336 1294 4419 proximorum

343 4432 511 4498 decantet:
541 4436 653 4500 Gloria
680 4438 715 4500 in
741 4438 880 4501 excelsis
903 4438 986 4517 Deo,
1008 4448 1040 4500 et
1064 4437 1098 4500 in
1123 4449 1205 4500 terra
1228 4458 1295 4520 pax
