3575 5575
321 780 390 824 orn.
409 763 480 843 1v.]¹
668 779 925 827 eom'caamcns.
1234 770 1277 827 65

319 928 428 993 divino
440 952 534 1016 super
547 928 725 993 incredulos
734 930 919 995 imminente
930 931 1066 1017 jndicio,
1078 933 1273 1013 acciderunt,

320 1053 393 1114 quae
408 1032 433 1095 si
448 1056 505 1119 per
521 1032 658 1116 singula,
668 1044 763 1117 prout
780 1044 833 1095 ant
850 1032 1034 1098 auctoribus
1045 1032 1170 1119 digesta
1186 1048 1273 1108 sunt,

318 1156 443 1216 coepero
465 1156 620 1211 enarrare,
635 1132 685 1195 vel
703 1132 769 1196 sola
792 1135 861 1199 haeo
883 1134 1050 1220 proprium
1074 1147 1200 1218 tempus
1216 1136 1275 1213 de·¹

318 1231 512 1304 siderabunt,
530 1246 561 1296 et
576 1232 688 1298 otium.
734 1234 841 1297 Pauca
856 1245 961 1298 tamen
978 1253 1108 1298 auctore
1128 1234 1271 1321 Josepho

315 1334 538 1417 compendioso
564 1357 706 1398 sermone
729 1357 925 1420 percurram,
946 1359 984 1399 eo
1005 1336 1092 1421 quod
1114 1337 1155 1400 ad
1177 1336 1271 1416 robo-¹

314 1435 444 1497 randam
461 1435 555 1499 tidem
573 1449 710 1499 nostram
732 1438 916 1522 proficiunt,
931 1449 962 1500 et
978 1437 1018 1499 ad
1034 1438 1266 1501 retundendam

314 1538 503 1602 obstinatam
521 1538 711 1601 «Iudaeorum
730 1539 904 1623 perfidiam.
943 1539 1164 1621 Quadraginta
1178 1561 1266 1603 nam-

314 1662 389 1725 que,
416 1651 487 1725 post
511 1639 684 1702 admissum
715 1638 886 1724 piaculum,
914 1639 1074 1703 continuis
1104 1654 1266 1726 protracta

315 1740 416 1814 annis,
431 1740 601 1825 impiorum
620 1762 716 1824 poena
731 1739 887 1804 differtur.
935 1741 974 1803 ln
997 1740 1116 1825 quibus
1130 1752 1161 1803 et
1178 1743 1266 1824 Apo-

316 1841 388 1905 stoli
403 1863 523 1917 omnes,
539 1840 700 1925 praecipue
721 1852 825 1903 tamen
844 1840 999 1917 Jacobns,
1022 1840 1079 1926 qui
1099 1840 1266 1905 dicebatur

313 1943 413 2008 frater
437 1942 580 2018 Domini,
604 1941 834 2027 Hierosolymis
857 1944 1038 2029 Episcopus
1061 1943 1265 2021 constitutus,

313 2045 527 2112 indesinenter
541 2044 696 2131 populum
717 2045 891 2109 commissae
911 2044 1096 2130 impietatis,
1111 2058 1144 2109 et
1158 2045 1265 2109 feralis

313 2149 392 2227 ausi,
412 2148 453 2212 dc
475 2147 591 2211 scelere
610 2146 863 2227 commonebant,
883 2146 909 2210 si
930 2146 1013 2210 forte
1034 2159 1162 2231 possent
1182 2170 1266 2210 com-

312 2250 399 2316 missi
414 2248 645 2337 poenitudinem
662 2272 785 2334 gerere:
804 2249 829 2313 si
841 2262 969 2334 possent
979 2248 1054 2312 llere
1069 2272 1128 2335 pro
1139 2248 1265 2327 scelere,

311 2363 343 2415 et
359 2352 489 2416 ultrices
511 2372 676 2436 poenarum
696 2354 839 2413 flammas
854 2350 1089 2435 lachrymarum
1116 2350 1265 2416 libertate

312 2454 510 2539 restringere.
556 2452 753 2518 Ostendebat
774 2474 913 2538 namque
927 2452 971 2515 eis
992 2454 1082 2515 Deus
1102 2475 1159 2538 per
1174 2477 1263 2517 suam

311 2555 509 2641 patientiam,
538 2552 627 2639 quod
656 2553 797 2639 ipsorum
834 2566 992 2638 quaereret
1021 2554 1263 2639 poenitentiam,

312 2656 388 2744 quia
403 2678 465 2719 non
481 2655 552 2720 vult
568 2668 692 2719 tantum
706 2655 796 2717 Deus
810 2668 945 2718 mortem
961 2656 1145 2740 peccatoris,
1160 2678 1262 2739 quan-

311 2769 379 2823 tum
401 2769 437 2822 ut
459 2767 665 2821 convertatur
685 2768 716 2818 et
732 2755 829 2821 vivat.
876 2754 1006 2819 Mollire
1026 2767 1134 2820 autem
1155 2756 1261 2822 adhue

309 2857 424 2922 mentis
453 2879 564 2921 eorum
594 2855 744 2920 duritiam
774 2855 938 2920 nitebatur
966 2856 1074 2921 divina
1103 2859 1261 2944 majestas,

309 2958 407 3044 signis
421 2972 452 3023 et
468 2957 623 3043 prodigiis
642 2956 767 3021 coelitus
788 2956 882 3034 datis,
898 2971 1098 3044 terroresque
1119 2961 1260 3027 simulet

308 3060 459 3126 minacem
473 3060 637 3124 dexteram
647 3059 843 3124 ostendendo
855 3061 963 3146 potius
975 3084 1070 3148 quam
1083 3062 1258 3130 inferendo.

307 3162 359 3226 De
370 3163 489 3249 quibus
500 3185 597 3248 supra
609 3161 686 3226 dicti
699 3161 944 3248 historiographi
956 3163 1047 3242 fides,
1059 3177 1093 3228 ut
1109 3164 1142 3228 in
1155 3166 1259 3247 certis,

305 3263 399 3327 etiam
416 3263 448 3327 in
464 3263 524 3326 hoc
542 3261 699 3326 sufficiens
714 3261 784 3326 erit.
822 3262 1017 3349 Relegamus
1032 3287 1108 3350 ergo
1129 3263 1209 3350 quid
1225 3265 1256 3328 in

305 3377 396 3428 sexto
411 3363 613 3429 historiarum
630 3385 760 3427 suarum
776 3362 869 3440 libro,
882 3364 923 3427 de
938 3363 987 3427 his
1001 3365 1069 3447 ipse
1085 3365 1257 3454 signaverit

305 3466 475 3553 Josephus.
524 3464 586 3528 Sed
612 3464 780 3540 infelicem,
804 3464 921 3552 inquit,
950 3466 1075 3552 plebem
1103 3466 1256 3531 teterrimi

304 3566 435 3654 quidam
473 3565 628 3640 homines,
657 3577 689 3630 et
718 3565 903 3653 deceptores
931 3566 1011 3630 falsa
1037 3567 1255 3643 vaticinantes,

303 3667 479 3734 suadebant
496 3678 530 3729 ut
546 3666 747 3731 evidentibus
767 3667 864 3750 signis
887 3680 919 3732 et
940 3668 1064 3732 indiciis
1079 3669 1254 3733 iracundiae

303 3783 334 3836 et
350 3768 576 3855 indignationis
597 3767 713 3831 divinae
735 3792 797 3832 non
820 3770 995 3843 crederent,
1011 3770 1131 3855 quibus
1145 3782 1255 3854 aperte

302 3872 450 3936 futurum
473 3883 504 3934 et
529 3868 617 3933 urbis
639 3881 670 3932 et
692 3871 798 3962 gentis
813 3869 1064 3954 praesagiebatur
1083 3869 1253 3936 excidium.

195 3971 203 3986 '
304 3973 366 4037 Sed
393 3973 481 4037 velut
511 3970 609 4037 afflati
637 3982 670 4034 et
696 3982 847 4046 amentes,
875 3984 907 4035 et
934 3970 991 4058 qui
1018 3993 1123 4057 neque
1145 3971 1254 4036 oculos

301 4097 405 4160 neque
421 4074 541 4139 animas
563 4074 595 4138 in
618 4095 649 4137 se
670 4072 835 4154 baberent,
850 4075 1041 4160 spernebant
1062 4075 1168 4139 omnia
1182 4098 1254 4160 quoe

300 4175 424 4240 ooelitus
439 4176 683 4241 nunciabantur.
721 4176 850 4240 Etenim
867 4176 959 4241 stella
974 4176 1171 4264 praefulgens
1184 4179 1253 4264 gla-

304 4275 357 4339 dio
380 4298 436 4361 per
457 4278 563 4342 omnia
588 4277 708 4354 similis,
729 4277 891 4341 imminere
916 4278 1054 4365 desuper
1074 4278 1206 4354 civitati,
1222 4293 1254 4342 et

302 4389 438 4441 cometes
452 4392 608 4462 praeterea
629 4378 811 4444 exitialibus
833 4379 973 4444 flammis
986 4380 1052 4442 visa
1073 4393 1121 4444 est
1144 4378 1255 4442 ardere

345 4498 418 4543 VOL.
437 4497 490 4544 111.
778 4500 796 4542 1²
