3575 5575
507 792 570 850 242
764 800 901 845 sonuum
917 765 1197 843 snnhsassmusrs
1317 780 1398 860 [ma.
1415 801 1460 846 tv.

506 954 649 1027 trahunt,
673 951 699 1015 si
723 950 846 1027 volunt,
869 962 901 1014 et
924 948 1054 1028 audent,
1076 947 1220 1033 exlegem
1245 948 1376 1028 saciant,
1397 973 1458 1035 ego

505 1076 569 1119 non
590 1053 686 1118 modo
707 1053 758 1117 his
782 1051 1005 1130 renitentibus,
1026 1049 1082 1114 sed
1112 1049 1233 1114 mundo
1257 1051 1458 1130 reclamante,

504 1157 591 1243 ipsos
619 1155 679 1220 hac
707 1153 778 1240 lege
806 1154 906 1218 teneri
931 1153 1092 1217 confirmo.
1139 1154 1178 1216 In
1204 1175 1270 1238 quo
1291 1155 1388 1231 enim,
1409 1154 1457 1217 in-

504 1259 575 1346 quit
606 1257 663 1344 qui
692 1279 750 1320 nec
779 1253 861 1319 fallit
891 1275 948 1318 nec
977 1253 1109 1333 fallitur,
1135 1252 1261 1340 judicio
1288 1253 1454 1339 judicave-

502 1360 585 1434 ritis,
609 1355 809 1444 judicabimi.
858 1358 904 1419 Et
932 1367 1018 1418 certe
1042 1353 1203 1441 judicium
1231 1354 1452 1440 gravissimum

502 1461 535 1524 in
551 1459 600 1523 his
618 1457 676 1544 qui
691 1467 832 1543 praesunt
854 1455 920 1534 liet,
935 1477 973 1517 eo
994 1453 1082 1539 quod
1105 1475 1253 1518 mensura
1267 1453 1361 1534 bona,
1379 1476 1453 1518 oon·

501 1561 595 1637 ferta,
633 1572 665 1623 et
701 1556 869 1643 coagitata,
903 1568 933 1620 et
970 1555 1166 1640 superfluens
1198 1554 1385 1621 refundetur
1420 1556 1452 1618 in

501 1664 587 1729 sinus
608 1684 728 1727 eorum.
773 1663 842 1724 Nec
864 1672 969 1724 tamen
992 1658 1256 1744 dispensationem
1278 1658 1358 1742 legis
1380 1658 1453 1724 sub-

500 1765 592 1830 traho
606 1763 754 1830 manibus
768 1772 976 1847 potestatum,
992 1760 1046 1824 scd
1062 1773 1248 1847 perpetuam
1264 1761 1452 1846 praeceptio-

498 1889 583 1943 nem,
594 1877 651 1930 aut
666 1863 912 1951 prohibitionem
928 1861 1087 1938 habentia,
1100 1862 1193 1928 libito
1207 1885 1317 1927 eorum
1334 1886 1458 1950 nequa-¹

498 1990 594 2054 quam
614 1966 750 2030 arbitror
772 1964 992 2049 supponenda.
1038 1965 1077 2028 In
1092 1965 1141 2029 his
1163 1965 1273 2050 itaque
1294 1964 1452 2030 duntaxat

499 2093 571 2155 quae
596 2068 725 2132 mobilia
745 2080 831 2143 sunt,
848 2067 1042 2152 dispensatio
1058 2068 1225 2131 verborum
1246 2067 1446 2142 admittitur;

497 2172 544 2235 ita
558 2186 663 2236 tamen
686 2182 721 2234 ut
737 2170 993 2255 compensatione
1017 2170 1191 2234 honestatis
1213 2182 1268 2235 aut
1291 2169 1448 2248 utilitatis,

496 2295 585 2338 meus
599 2271 678 2358 legis
692 2271 816 2355 integra
830 2285 1046 2337 conservetur.
1085 2273 1151 2336 Nec
1166 2270 1318 2352 elevetur,
1333 2273 1449 2358 inquit,

494 2398 549 2440 cor
563 2376 633 2459 ejus
648 2374 681 2436 in
697 2372 889 2458 superbiam,
901 2396 996 2459 super
1011 2374 1125 2438 fratres
1140 2394 1223 2439 suos.
1254 2374 1348 2451 Quod
1363 2396 1444 2460 prae·

494 2479 589 2561 cipue
604 2472 813 2538 necessarium
829 2485 887 2549 est,
900 2473 1018 2557 saepius
1033 2472 1176 2558 replicat,
1189 2497 1226 2538 eo
1241 2473 1328 2559 quod
1340 2473 1446 2538 humi·

492 2575 567 2640 litas
581 2596 744 2660 nunquam
763 2573 838 2637 satis
854 2572 980 2637 videtur
1001 2573 1223 2639 commendata
1236 2572 1444 2658 principibus,

492 2694 524 2746 et
545 2674 767 2743 difficillimum
789 2688 837 2739 est
859 2688 897 2739 ut
920 2673 1035 2759 gradus
1057 2675 1186 2741 honoris
1207 2688 1361 2740 tumorem
1379 2698 1444 2742 non

491 2783 596 2871 pariat
610 2782 643 2846 in
658 2780 762 2846 animo
777 2778 998 2867 imprudentis.
1030 2778 1183 2866 Superbis
1198 2778 1310 2866 utique
1324 2779 1444 2846 resistit

490 2889 592 2963 Deus,
614 2898 646 2950 et
669 2883 846 2949 humilibus
867 2883 924 2948 dat
946 2883 1091 2969 gratiam.
1137 2882 1277 2947 Proinde
1299 2906 1353 2947 rex
1373 2896 1443 2950 orat

490 2990 650 3052 reveniat
668 2987 697 3051 ei
713 3008 769 3073 pes
790 2986 959 3071 superbiae,
974 2986 1051 3071 quia
1073 2987 1105 3049 in
1121 3007 1159 3049 eo
1180 2984 1373 3067 ceciderunt,
1389 2986 1443 3071 qui

489 3101 661 3175 operantur
685 3086 900 3174 iniquitatem,
923 3086 1048 3173 expulsi
1075 3099 1161 3165 sunt,
1183 3110 1241 3153 nec
1266 3099 1441 3174 potuerunt

488 3203 580 3255 stare.
614 3193 688 3254 Non
702 3188 814 3275 utique
825 3188 989 3274 superbiat
1002 3210 1100 3274 super
1112 3187 1228 3253 fratres
1240 3210 1248 3263 ;
1272 3188 1327 3251 sed
1340 3210 1440 3274 quum

486 3293 617 3358 fratrum
641 3293 828 3367 meminerit,
845 3292 1022 3357 fraternum
1047 3291 1198 3378 subjectis
1219 3290 1366 3355 omnibus
1381 3291 1439 3355 im-

486 3395 605 3481 pendat
620 3397 778 3459 affectum.
824 3398 869 3459 Et
884 3393 1014 3479 quidem
1037 3394 1211 3481 prudenter
1225 3392 1437 3458 humilitatem

484 3518 557 3561 cum
580 3495 768 3561 discretione
789 3509 821 3560 et
843 3497 976 3561 caritate
998 3495 1110 3562 indicit
1133 3496 1338 3583 principibus,
1361 3498 1440 3583 quia

484 3598 555 3669 sine,
575 3599 644 3664 istis
668 3600 796 3661 omnino
820 3598 991 3664 subsistere
1015 3622 1077 3663 non
1105 3611 1209 3684 potest
1231 3600 1438 3686 principatus.

484 3701 638 3787 Quisquis
669 3722 744 3783 ergo
772 3700 910 3786 gradum
941 3702 1080 3787 propriae
1116 3700 1314 3766 celsitudinis
1342 3713 1439 3779 amat,

482 3802 670 3867 humilitatis
684 3801 805 3868 cultum
821 3802 853 3867 in
869 3802 1049 3869 minoribus
1064 3801 1306 3889 diligentissime
1320 3816 1435 3867 teneat.

481 3903 564 3966 Nam
581 3904 636 3988 qui
648 3904 689 3966 ab
704 3903 896 3970 humilitatis
913 3903 1065 3991 operibus
1088 3904 1221 3985 recedit,
1235 3927 1255 3967 a
1269 3901 1435 3986 dignitatis

480 4027 546 4069 suae
568 4004 707 4089 fastigio,
731 4006 866 4071 tumoris
886 4005 1027 4092 pondere
1049 4006 1146 4071 cadit.
1192 4004 1324 4069 Obtinet
1347 4006 1434 4069 enim

478 4115 644 4189 perpetuo,
666 4105 742 4188 quia
765 4106 823 4189 qui
847 4128 879 4169 se
904 4104 1051 4169 humiliat
1077 4103 1282 4179 exaltabitur,
1308 4117 1340 4169 et
1365 4104 1435 4169 vioe

479 4227 581 4284 versa,
594 4203 650 4289 qui
668 4226 701 4267 se
715 4209 835 4269 exaltat
846 4205 1055 4293 deprimetur.
1085 4208 1206 4293 Regem
1219 4208 1438 4271 Romanorum

477 4305 689 4373 novissimum
706 4306 918 4392 Tarquinium
942 4308 1018 4375 fecit
1033 4332 1100 4375 esse
1123 4307 1283 4394 superbia,
1299 4320 1331 4375 et
1351 4310 1381 4374 ei
1395 4309 1437 4373 ab

472 4410 660 4477 humilitate
686 4409 787 4495 magis
812 4414 1003 4477 necessarios
1034 4412 1198 4481 substituit
1223 4412 1438 4498 magistratus.
