3575 5575
501 773 542 830 90
757 781 894 826 sossius
910 776 1187 826 saansaaasassrs
1313 757 1396 842 [ma.
1414 782 1450 826 11.

591 1054 670 1137 Cap.
690 1058 739 1116 17.
763 1051 997 1132 Coujoctoriam
1010 1072 1073 1116 non
1086 1073 1152 1116 essa
1164 1053 1366 1134 sequendum.

547 1225 615 1288 San
636 1221 713 1286 dum
730 1222 786 1286 bas
808 1222 1023 1308 conjectorum
1043 1221 1230 1288 traditiones
1250 1225 1453 1307 exequimur,

503 1345 613 1388 vereor
634 1346 674 1388 nc
688 1323 804 1388 merito
825 1345 887 1386 non
908 1335 975 1388 tam
994 1323 1218 1409 conjectoriam
1239 1322 1357 1410 exequi
1378 1346 1453 1409 quse

502 1438 559 1492 aut
582 1425 680 1500 nulla,
696 1438 753 1490 aut
773 1424 874 1489 inanis
891 1447 943 1490 ars
961 1438 1020 1504 est,
1041 1447 1136 1510 quam
1154 1425 1326 1491 dormitare
1349 1425 1454 1490 videa·

502 1552 586 1594 mur.
629 1529 784 1614 Quisquis
798 1529 881 1591 enim
898 1527 1090 1593 somniorum
1110 1531 1256 1616 sequitur
1270 1530 1455 1608 vanitatem,

502 1653 614 1718 parum
630 1629 662 1692 in
677 1629 747 1715 lege
764 1629 825 1692 Dei
841 1627 977 1714 vigilans
991 1643 1050 1707 est,
1066 1643 1098 1695 et
1117 1629 1196 1695 dum
1210 1630 1284 1694 fidei
1300 1629 1375 1696 facit
1390 1630 1455 1694 dis·

502 1732 665 1818 pendium,
687 1731 951 1818 perniciosissime
973 1731 1101 1797 dormit,
1146 1733 1272 1798 Veritas
1296 1731 1456 1818 siquidem

503 1836 544 1900 ab
558 1858 596 1899 eo
610 1834 704 1918 longe
715 1833 800 1899 facta
814 1847 941 1914 est,nec
955 1857 1025 1898 eam
1041 1848 1106 1899 tam
1117 1835 1211 1900 facile
1224 1846 1331 1921 potest
1342 1856 1456 1920 appre-

502 1936 651 2014 hendere,
666 1956 761 2019 quam
778 1936 921 2000 urionem
937 1957 1130 2023 expungere,
1143 1937 1194 2001 vel
1209 1955 1330 2024 puncto
1344 1959 1456 2001 curare

501 2037 685 2114 cartineam,
702 2061 776 2122 quaa
790 2038 1002 2124 caligantibus
1021 2040 1122 2104 oculis
1137 2040 1169 2102 in
1191 2038 1322 2103 meridie
1336 2038 1458 2124 palpat.

503 2139 549 2202 Et
575 2137 651 2202 licet
675 2136 744 2200 haee
767 2137 975 2202 somnolentia
995 2137 1139 2224 perfidiae
1163 2143 1204 2203 sit
1224 2139 1298 2203 fidei
1319 2137 1456 2203 stimulis

503 2237 682 2316 excitanda,
703 2250 735 2303 et
758 2239 903 2304 maleficii
925 2241 1044 2326 potius,
1065 2263 1164 2328 quam
1187 2240 1311 2306 artificii
1331 2240 1458 2328 impug-

504 2341 609 2407 nanda
630 2340 747 2422 illusio,
762 2342 880 2407 divinae
903 2356 1007 2410 tamen
1024 2344 1135 2427 gratiae
1154 2340 1368 2430 dispositionis
1390 2365 1456 2407 suoe

504 2466 567 2507 non
587 2443 783 2509 obstruimus
801 2445 879 2522 vias,
896 2467 959 2509 non
977 2444 1205 2531 praecludimus
1224 2447 1361 2520 semitas,
1377 2445 1456 2531 quin

505 2545 636 2632 spiritus
657 2547 714 2611 ubi
730 2546 800 2612 vult
824 2547 933 2634 spiret,
949 2562 981 2613 et
1001 2571 1059 2633 pro
1080 2546 1213 2612 arbitrio
1228 2570 1286 2611 suo
1307 2545 1458 2632 subjectis

503 2648 664 2714 mentibus
686 2648 835 2714 infundat
858 2652 1037 2714 veritatem.
1081 2653 1202 2716 Verum
1224 2648 1368 2735 quisquis
1389 2671 1455 2712 cre-

504 2748 671 2819 dulitatem
695 2773 784 2816 suam
808 2750 1096 2838 significationibus
1116 2751 1226 2837 alligat
1252 2750 1458 2829 somniorum,

502 2852 633 2939 planum
648 2867 707 2935 est,
722 2855 801 2940 quia
824 2867 889 2919 tam
904 2878 925 2918 a
938 2854 1118 2921 sinceritate
1140 2854 1225 2930 fidei,
1243 2877 1339 2940 quam
1361 2876 1382 2917 a
1395 2866 1459 2919 tra-

503 2953 581 3017 mite
606 2953 737 3017 rationis
762 2953 932 3017 exorbitat.
978 2952 1075 3018 Plane
1099 2953 1126 3018 si
1149 2975 1251 3017 sermo
1276 2952 1457 3037 proferatur

504 3054 687 3140 ambiguus,
702 3070 734 3118 et
755 3055 848 3141 cujus
869 3054 980 3121 multae
1000 3054 1063 3121 sint
1084 3056 1341 3139 significationes,
1354 3078 1457 3119 nonne

504 3156 618 3222 merito
633 3179 746 3242 parum
769 3156 883 3222 doctus
899 3156 1073 3238 videbitur,
1088 3157 1236 3246 quisquis
1257 3181 1296 3222 ex
1319 3181 1356 3221 eo
1377 3158 1458 3224 citra

502 3257 726 3322 discussionem
755 3281 904 3325 sensuum
931 3260 991 3325 sibi
1017 3260 1139 3347 aliquid
1165 3259 1358 3348 pertinacius
1384 3283 1456 3325 sua-

504 3359 617 3425 debit?
643 3361 793 3427 Profecto
815 3385 921 3427 rerum
944 3366 1088 3427 omnium
1113 3362 1166 3443 (ut
1188 3360 1375 3448 praedictum
1397 3367 1456 3444 est)

502 3460 673 3547 multiplex
687 3474 745 3538 est,
760 3474 792 3527 et
805 3467 893 3528 varia
905 3465 1102 3550 significatio.
1136 3464 1366 3550 Multiplicium
1383 3487 1458 3529 vero

504 3562 666 3628 distinctio
686 3561 822 3649 diligens
844 3565 992 3631 habenda
1012 3578 1072 3645 est,
1094 3589 1134 3631 ne
1157 3567 1240 3631 forte
1261 3566 1337 3633 dnm
1363 3588 1458 3631 unam

501 3662 688 3751 diligentius
717 3665 869 3753 sequeris,
899 3667 932 3730 in
970 3667 1064 3733 aliam
1099 3668 1241 3734 deterius
1273 3669 1459 3756 prolabaris.

503 3765 600 3833 Unde
616 3779 705 3853 patet
721 3768 961 3856 conjectorium,
975 3769 1034 3857 qui
1049 3769 1174 3835 nomine
1191 3770 1334 3836 Danielis
1347 3770 1459 3836 inscri-

449 3904 454 3917 ·
500 3867 600 3946 bitur,
610 3869 810 3935 auctoritatis
821 3883 853 3934 et
864 3869 1008 3935 veritatis
1018 3871 1131 3937 robore
1142 3871 1454 3955 destitutum‚quurn

502 3989 552 4031 res
563 3970 704 4053 singulas
716 3972 849 4057 singulis
861 3972 1146 4058 significationibus
1156 3986 1252 4037 arcet.
1276 3975 1327 4037 De
1339 3970 1458 4057 quibus

501 4091 564 4133 nou
581 4068 709 4135 videtur
724 4072 821 4136 latius
832 4075 1068 4159 exequendum,
1080 4097 1181 4161 quum
1194 4087 1262 4139 tota
1272 4070 1457 4155 hujusmodi

503 4170 543 4235 sit
565 4172 674 4257 inepta
700 4173 840 4248 traditio,
863 4188 895 4240 et
916 4199 1018 4261 vagus
1044 4178 1259 4262 conjectorum
1284 4174 1374 4251 liber,
1400 4197 1457 4261 per

500 4272 697 4336 curiosorum
727 4296 842 4338 manus
871 4276 1076 4363 impudenter
1107 4276 1276 4342 discurrat.
1329 4276 1457 4343 Habuit

500 4394 574 4439 saue
591 4373 707 4439 Daniel
726 4376 861 4462 gratiam
877 4376 1106 4464 interpretandi
1129 4378 1264 4444 visiones
1279 4392 1311 4443 et
1327 4378 1457 4457 somnia,
