<?xml version="1.0" encoding="UTF-8"?>
<!DOCTYPE html PUBLIC "-//W3C//DTD XHTML 1.0 Transitional//EN"
    "http://www.w3.org/TR/xhtml1/DTD/xhtml1-transitional.dtd">
<html xmlns="http://www.w3.org/1999/xhtml" xml:lang="en" lang="en">
 <head>
  <title>
</title>
<meta http-equiv="Content-Type" content="text/html;charset=utf-8" />
  <meta name='ocr-system' content='tesseract 3.04.00' />
  <meta name='ocr-capabilities' content='ocr_page ocr_carea ocr_par ocr_line ocrx_word'/>
</head>
<body>
  <div class='ocr_page' id='page_1' title='image "./joannissaresber12johngoog_0229.png"; bbox 0 0 3575 5575; ppageno 0'>
   <div class='ocr_carea' id='block_1_1' title="bbox 355 816 1305 891">
    <p class='ocr_par' dir='ltr' id='par_1_1' title="bbox 355 816 1305 891">
     <span class='ocr_line' id='line_1_1' title="bbox 355 816 1305 891; baseline -0.002 -11"><span class='ocrx_word' id='word_1_1' title='bbox 355 833 425 881; x_wconf 76' lang='lat' dir='ltr'><strong>aar.</strong></span> <span class='ocrx_word' id='word_1_2' title='bbox 442 817 482 891; x_wconf 75' lang='lat' dir='ltr'><strong>a]</strong></span> <span class='ocrx_word' id='word_1_3' title='bbox 705 832 958 879; x_wconf 78' lang='lat' dir='ltr'><strong>mnrouarrcus.</strong></span> <span class='ocrx_word' id='word_1_4' title='bbox 1239 816 1305 878; x_wconf 78' lang='lat'><strong>219</strong></span> 
     </span>
    </p>
   </div>
   <div class='ocr_carea' id='block_1_2' title="bbox 292 981 1306 1774">
    <p class='ocr_par' dir='ltr' id='par_1_2' title="bbox 292 981 1306 1774">
     <span class='ocr_line' id='line_1_2' title="bbox 356 981 1305 1068; baseline -0.004 -16"><span class='ocrx_word' id='word_1_5' title='bbox 356 982 504 1068; x_wconf 78' lang='lat' dir='ltr'><strong>vitiisque</strong></span> <span class='ocrx_word' id='word_1_6' title='bbox 537 982 744 1059; x_wconf 84' lang='lat' dir='ltr'><strong>consentiens,</strong></span> <span class='ocrx_word' id='word_1_7' title='bbox 774 982 1002 1048; x_wconf 80' lang='lat' dir='ltr'><strong>exterminator</strong></span> <span class='ocrx_word' id='word_1_8' title='bbox 1033 981 1173 1068; x_wconf 81' lang='lat' dir='ltr'>Spiritus</span> <span class='ocrx_word' id='word_1_9' title='bbox 1204 986 1305 1048; x_wconf 89' lang='lat' dir='ltr'><strong>sancti</strong></span> 
     </span>
     <span class='ocr_line' id='line_1_3' title="bbox 353 1081 1302 1169; baseline 0.002 -23"><span class='ocrx_word' id='word_1_10' title='bbox 353 1095 412 1148; x_wconf 89' lang='lat' dir='ltr'><strong>est.</strong></span> <span class='ocrx_word' id='word_1_11' title='bbox 456 1085 557 1146; x_wconf 88' lang='lat' dir='ltr'><strong>Porro</strong></span> <span class='ocrx_word' id='word_1_12' title='bbox 578 1081 715 1169; x_wconf 80' lang='lat' dir='ltr'><strong>Spiritus</strong></span> <span class='ocrx_word' id='word_1_13' title='bbox 737 1095 798 1159; x_wconf 88' lang='lat' dir='ltr'><strong>est,</strong></span> <span class='ocrx_word' id='word_1_14' title='bbox 812 1082 869 1168; x_wconf 93' lang='lat' dir='ltr'><strong>qui</strong></span> <span class='ocrx_word' id='word_1_15' title='bbox 890 1081 1036 1168; x_wconf 87' lang='lat' dir='ltr'><strong>loquitur</strong></span> <span class='ocrx_word' id='word_1_16' title='bbox 1056 1083 1253 1169; x_wconf 84' lang='lat' dir='ltr'><strong>aequitatem,</strong></span> <span class='ocrx_word' id='word_1_17' title='bbox 1269 1085 1302 1148; x_wconf 91' lang='lat' dir='ltr'><strong>in</strong></span> 
     </span>
     <span class='ocr_line' id='line_1_4' title="bbox 353 1182 1305 1271; baseline 0.001 -24"><span class='ocrx_word' id='word_1_18' title='bbox 353 1197 523 1270; x_wconf 85' lang='lat' dir='ltr'><strong>conspectu</strong></span> <span class='ocrx_word' id='word_1_19' title='bbox 546 1182 726 1269; x_wconf 83' lang='lat' dir='ltr'>principum</span> <span class='ocrx_word' id='word_1_20' title='bbox 746 1206 808 1247; x_wconf 93' lang='lat' dir='ltr'><strong>non</strong></span> <span class='ocrx_word' id='word_1_21' title='bbox 829 1184 999 1261; x_wconf 90' lang='lat' dir='ltr'><strong>erubescit,</strong></span> <span class='ocrx_word' id='word_1_22' title='bbox 1014 1196 1046 1250; x_wconf 87' lang='lat' dir='ltr'><strong>et</strong></span> <span class='ocrx_word' id='word_1_23' title='bbox 1067 1207 1223 1271; x_wconf 80' lang='lat' dir='ltr'>pauperes</span> <span class='ocrx_word' id='word_1_24' title='bbox 1241 1185 1305 1270; x_wconf 82' lang='lat' dir='ltr'><strong>spi-</strong></span> 
     </span>
     <span class='ocr_line' id='line_1_5' title="bbox 352 1284 1305 1372; baseline 0.002 -24"><span class='ocrx_word' id='word_1_25' title='bbox 352 1284 417 1350; x_wconf 90' lang='lat' dir='ltr'><strong>ritu</strong></span> <span class='ocrx_word' id='word_1_26' title='bbox 434 1284 563 1371; x_wconf 84' lang='lat' dir='ltr'><strong>regibus</strong></span> <span class='ocrx_word' id='word_1_27' title='bbox 583 1285 761 1370; x_wconf 86' lang='lat' dir='ltr'><strong>anteponit,</strong></span> <span class='ocrx_word' id='word_1_28' title='bbox 776 1296 832 1350; x_wconf 86' lang='lat' dir='ltr'><strong>aut</strong></span> <span class='ocrx_word' id='word_1_29' title='bbox 852 1296 974 1371; x_wconf 85' lang='lat' dir='ltr'><strong>aequat,</strong></span> <span class='ocrx_word' id='word_1_30' title='bbox 990 1299 1022 1349; x_wconf 92' lang='lat' dir='ltr'><strong>et</strong></span> <span class='ocrx_word' id='word_1_31' title='bbox 1046 1307 1126 1372; x_wconf 91' lang='lat' dir='ltr'><strong>quos</strong></span> <span class='ocrx_word' id='word_1_32' title='bbox 1146 1287 1209 1352; x_wconf 87' lang='lat' dir='ltr'>sibi</span> <span class='ocrx_word' id='word_1_33' title='bbox 1231 1285 1305 1350; x_wconf 87' lang='lat' dir='ltr'><strong>fecit</strong></span> 
     </span>
     <span class='ocr_line' id='line_1_6' title="bbox 292 1383 1306 1469; baseline 0 -21"><span class='ocrx_word' id='word_1_34' title='bbox 292 1396 296 1404; x_wconf 90' lang='lat'><em>&#39;</em></span> <span class='ocrx_word' id='word_1_35' title='bbox 353 1384 522 1462; x_wconf 87' lang='lat' dir='ltr'><strong>cohaerere,</strong></span> <span class='ocrx_word' id='word_1_36' title='bbox 539 1383 631 1448; x_wconf 87' lang='lat' dir='ltr'><strong>docet</strong></span> <span class='ocrx_word' id='word_1_37' title='bbox 647 1384 726 1448; x_wconf 89' lang='lat' dir='ltr'><strong>scire</strong></span> <span class='ocrx_word' id='word_1_38' title='bbox 742 1383 841 1469; x_wconf 91' lang='lat' dir='ltr'><strong>loqui,</strong></span> <span class='ocrx_word' id='word_1_39' title='bbox 856 1397 887 1447; x_wconf 87' lang='lat' dir='ltr'><strong>et</strong></span> <span class='ocrx_word' id='word_1_40' title='bbox 902 1385 1005 1448; x_wconf 82' lang='lat' dir='ltr'><strong>fucere</strong></span> <span class='ocrx_word' id='word_1_41' title='bbox 1021 1384 1197 1450; x_wconf 89' lang='lat' dir='ltr'><strong>veritatem.</strong></span> <span class='ocrx_word' id='word_1_42' title='bbox 1243 1385 1306 1462; x_wconf 81' lang='lat' dir='ltr'><strong>Qui</strong></span> 
     </span>
     <span class='ocr_line' id='line_1_7' title="bbox 355 1484 1306 1571; baseline 0.002 -23"><span class='ocrx_word' id='word_1_43' title='bbox 355 1507 431 1549; x_wconf 86' lang='lat' dir='ltr'><strong>vero</strong></span> <span class='ocrx_word' id='word_1_44' title='bbox 453 1484 619 1551; x_wconf 87' lang='lat' dir='ltr'><strong>veritatem</strong></span> <span class='ocrx_word' id='word_1_45' title='bbox 642 1508 704 1549; x_wconf 91' lang='lat' dir='ltr'><strong>non</strong></span> <span class='ocrx_word' id='word_1_46' title='bbox 728 1485 798 1550; x_wconf 83' lang='lat' dir='ltr'><strong>vult</strong></span> <span class='ocrx_word' id='word_1_47' title='bbox 821 1485 932 1551; x_wconf 87' lang='lat' dir='ltr'><strong>audire</strong></span> <span class='ocrx_word' id='word_1_48' title='bbox 954 1485 1006 1548; x_wconf 90' lang='lat' dir='ltr'><strong>vel</strong></span> <span class='ocrx_word' id='word_1_49' title='bbox 1028 1484 1127 1570; x_wconf 90' lang='lat' dir='ltr'><strong>loqui,</strong></span> <span class='ocrx_word' id='word_1_50' title='bbox 1150 1509 1169 1549; x_wconf 92' lang='lat' dir='ltr'><strong>a</strong></span> <span class='ocrx_word' id='word_1_51' title='bbox 1192 1486 1306 1571; x_wconf 88' lang='lat' dir='ltr'><strong>spiritu</strong></span> 
     </span>
     <span class='ocr_line' id='line_1_8' title="bbox 355 1585 1305 1651; baseline 0.002 -3"><span class='ocrx_word' id='word_1_52' title='bbox 355 1586 499 1651; x_wconf 84' lang='lat' dir='ltr'><strong>veritatis</strong></span> <span class='ocrx_word' id='word_1_53' title='bbox 521 1586 642 1650; x_wconf 89' lang='lat' dir='ltr'><strong>alienus</strong></span> <span class='ocrx_word' id='word_1_54' title='bbox 664 1597 721 1650; x_wconf 87' lang='lat' dir='ltr'><strong>est.</strong></span> <span class='ocrx_word' id='word_1_55' title='bbox 768 1585 830 1649; x_wconf 91' lang='lat' dir='ltr'><strong>Sed</strong></span> <span class='ocrx_word' id='word_1_56' title='bbox 853 1585 923 1650; x_wconf 86' lang='lat' dir='ltr'><strong>haec</strong></span> <span class='ocrx_word' id='word_1_57' title='bbox 946 1585 1109 1650; x_wconf 87' lang='lat' dir='ltr'><strong>hactenus.</strong></span> <span class='ocrx_word' id='word_1_58' title='bbox 1155 1589 1251 1650; x_wconf 85' lang='lat' dir='ltr'><strong>Nunc</strong></span> <span class='ocrx_word' id='word_1_59' title='bbox 1271 1587 1305 1650; x_wconf 91' lang='lat' dir='ltr'><strong>in</strong></span> 
     </span>
     <span class='ocr_line' id='line_1_9' title="bbox 355 1686 1089 1774; baseline -0.003 -23"><span class='ocrx_word' id='word_1_60' title='bbox 355 1709 421 1774; x_wconf 93' lang='lat' dir='ltr'><strong>quo</strong></span> <span class='ocrx_word' id='word_1_61' title='bbox 437 1700 593 1774; x_wconf 88' lang='lat' dir='ltr'><strong>tyrannus</strong></span> <span class='ocrx_word' id='word_1_62' title='bbox 606 1686 706 1754; x_wconf 89' lang='lat' dir='ltr'><strong>distat</strong></span> <span class='ocrx_word' id='word_1_63' title='bbox 721 1710 740 1751; x_wconf 87' lang='lat' dir='ltr'><strong>a</strong></span> <span class='ocrx_word' id='word_1_64' title='bbox 754 1686 898 1773; x_wconf 87' lang='lat' dir='ltr'><strong>principe</strong></span> <span class='ocrx_word' id='word_1_65' title='bbox 913 1686 1089 1752; x_wconf 80' lang='lat' dir='ltr'><strong>audiamus.</strong></span> 
     </span>
    </p>
   </div>
   <div class='ocr_carea' id='block_1_3' title="bbox 268 1876 1309 3804">
    <p class='ocr_par' dir='ltr' id='par_1_3' title="bbox 356 1876 1309 2058">
     <span class='ocr_line' id='line_1_10' title="bbox 356 1876 1309 1962; baseline 0 -21"><span class='ocrx_word' id='word_1_66' title='bbox 356 1876 437 1960; x_wconf 86' lang='lat' dir='ltr'><strong>Cap.</strong></span> <span class='ocrx_word' id='word_1_67' title='bbox 457 1880 484 1938; x_wconf 89' lang='lat'><strong>1.</strong></span> <span class='ocrx_word' id='word_1_68' title='bbox 507 1877 558 1940; x_wconf 85' lang='lat' dir='ltr'><strong>De</strong></span> <span class='ocrx_word' id='word_1_69' title='bbox 575 1876 758 1962; x_wconf 57' lang='lat' dir='ltr'><strong>dfferentin</strong></span> <span class='ocrx_word' id='word_1_70' title='bbox 780 1876 941 1958; x_wconf 79' lang='lat' dir='ltr'><strong>principis</strong></span> <span class='ocrx_word' id='word_1_71' title='bbox 962 1881 993 1940; x_wconf 79' lang='lat' dir='ltr'><strong>et</strong></span> <span class='ocrx_word' id='word_1_72' title='bbox 1015 1878 1161 1956; x_wconf 75' lang='lat' dir='ltr'><strong>tyranni,</strong></span> <span class='ocrx_word' id='word_1_73' title='bbox 1176 1882 1207 1941; x_wconf 81' lang='lat' dir='ltr'><strong>et</strong></span> <span class='ocrx_word' id='word_1_74' title='bbox 1229 1877 1309 1959; x_wconf 81' lang='lat' dir='ltr'><strong>quid</strong></span> 
     </span>
     <span class='ocr_line' id='line_1_11' title="bbox 483 1975 937 2058; baseline 0.009 -24"><span class='ocrx_word' id='word_1_75' title='bbox 483 1975 495 1996; x_wconf 58' lang='lat'><em>³</em></span> <span class='ocrx_word' id='word_1_76' title='bbox 722 1977 937 2058; x_wconf 74' lang='lat' dir='ltr'><strong>citprimeps.</strong></span> 
     </span>
    </p>

    <p class='ocr_par' dir='ltr' id='par_1_4' title="bbox 268 2089 1309 3804">
     <span class='ocr_line' id='line_1_12' title="bbox 397 2089 1307 2177; baseline 0.004 -23"><span class='ocrx_word' id='word_1_77' title='bbox 397 2093 466 2154; x_wconf 83' lang='lat' dir='ltr'><strong>Esr</strong></span> <span class='ocrx_word' id='word_1_78' title='bbox 482 2112 558 2174; x_wconf 84' lang='lat' dir='ltr'><strong>ergo</strong></span> <span class='ocrx_word' id='word_1_79' title='bbox 579 2089 707 2174; x_wconf 81' lang='lat' dir='ltr'><strong>tyranni</strong></span> <span class='ocrx_word' id='word_1_80' title='bbox 721 2102 754 2158; x_wconf 89' lang='lat' dir='ltr'><strong>et</strong></span> <span class='ocrx_word' id='word_1_81' title='bbox 776 2090 927 2177; x_wconf 87' lang='lat' dir='ltr'><strong>principis</strong></span> <span class='ocrx_word' id='word_1_82' title='bbox 948 2091 1016 2156; x_wconf 82' lang='lat' dir='ltr'><strong>brec</strong></span> <span class='ocrx_word' id='word_1_83' title='bbox 1036 2090 1216 2158; x_wconf 85' lang='lat' dir='ltr'><strong>differentia</strong></span> <span class='ocrx_word' id='word_1_84' title='bbox 1231 2093 1307 2175; x_wconf 88' lang='lat' dir='ltr'><strong>sola,</strong></span> 
     </span>
     <span class='ocr_line' id='line_1_13' title="bbox 355 2191 1307 2282; baseline 0.006 -28"><span class='ocrx_word' id='word_1_85' title='bbox 355 2191 441 2277; x_wconf 92' lang='lat' dir='ltr'><strong>quod</strong></span> <span class='ocrx_word' id='word_1_86' title='bbox 462 2191 514 2254; x_wconf 93' lang='lat' dir='ltr'><strong>hic</strong></span> <span class='ocrx_word' id='word_1_87' title='bbox 534 2191 597 2276; x_wconf 86' lang='lat' dir='ltr'><strong>legi</strong></span> <span class='ocrx_word' id='word_1_88' title='bbox 618 2192 828 2278; x_wconf 83' lang='lat' dir='ltr'><strong>obtemperat,</strong></span> <span class='ocrx_word' id='word_1_89' title='bbox 848 2204 880 2258; x_wconf 85' lang='lat' dir='ltr'><strong>et</strong></span> <span class='ocrx_word' id='word_1_90' title='bbox 903 2193 972 2279; x_wconf 82' lang='lat' dir='ltr'><strong>ejus</strong></span> <span class='ocrx_word' id='word_1_91' title='bbox 995 2194 1127 2259; x_wconf 88' lang='lat' dir='ltr'><strong>arbitrio</strong></span> <span class='ocrx_word' id='word_1_92' title='bbox 1149 2194 1307 2282; x_wconf 92' lang='lat' dir='ltr'><strong>populum</strong></span> 
     </span>
     <span class='ocr_line' id='line_1_14' title="bbox 354 2292 1307 2383; baseline 0.001 -23"><span class='ocrx_word' id='word_1_93' title='bbox 354 2292 448 2379; x_wconf 82' lang='lat' dir='ltr'><strong>regit,</strong></span> <span class='ocrx_word' id='word_1_94' title='bbox 473 2293 567 2380; x_wconf 91' lang='lat' dir='ltr'><strong>cujus</strong></span> <span class='ocrx_word' id='word_1_95' title='bbox 592 2315 625 2356; x_wconf 89' lang='lat' dir='ltr'><strong>se</strong></span> <span class='ocrx_word' id='word_1_96' title='bbox 650 2292 752 2358; x_wconf 88' lang='lat' dir='ltr'><strong>credit</strong></span> <span class='ocrx_word' id='word_1_97' title='bbox 775 2293 969 2374; x_wconf 89' lang='lat' dir='ltr'><strong>ministrum,</strong></span> <span class='ocrx_word' id='word_1_98' title='bbox 994 2295 1083 2360; x_wconf 87' lang='lat' dir='ltr'><strong>etin</strong></span> <span class='ocrx_word' id='word_1_99' title='bbox 1111 2297 1307 2383; x_wconf 77' lang='lat' dir='ltr'><strong>Reipublicae</strong></span> 
     </span>
     <span class='ocr_line' id='line_1_15' title="bbox 354 2394 1309 2483; baseline 0.005 -25"><span class='ocrx_word' id='word_1_100' title='bbox 354 2394 541 2468; x_wconf 86' lang='lat' dir='ltr'><strong>muneribus</strong></span> <span class='ocrx_word' id='word_1_101' title='bbox 564 2394 759 2471; x_wconf 81' lang='lat' dir='ltr'><strong>exercendis,</strong></span> <span class='ocrx_word' id='word_1_102' title='bbox 786 2407 819 2460; x_wconf 90' lang='lat' dir='ltr'><strong>et</strong></span> <span class='ocrx_word' id='word_1_103' title='bbox 842 2397 993 2462; x_wconf 90' lang='lat' dir='ltr'><strong>oneribus</strong></span> <span class='ocrx_word' id='word_1_104' title='bbox 1020 2397 1205 2480; x_wconf 84' lang='lat' dir='ltr'><strong>subeundis,</strong></span> <span class='ocrx_word' id='word_1_105' title='bbox 1230 2399 1309 2483; x_wconf 82' lang='lat' dir='ltr'><strong>legis</strong></span> 
     </span>
     <span class='ocr_line' id='line_1_16' title="bbox 354 2495 1308 2587; baseline 0.004 -27"><span class='ocrx_word' id='word_1_106' title='bbox 354 2495 506 2560; x_wconf 87' lang='lat' dir='ltr'><strong>beneficio</strong></span> <span class='ocrx_word' id='word_1_107' title='bbox 518 2496 583 2561; x_wconf 70' lang='lat' dir='ltr'><strong>‚sibi</strong></span> <span class='ocrx_word' id='word_1_108' title='bbox 603 2496 742 2581; x_wconf 89' lang='lat' dir='ltr'><strong>primum</strong></span> <span class='ocrx_word' id='word_1_109' title='bbox 764 2497 911 2562; x_wconf 85' lang='lat' dir='ltr'><strong>vendicat</strong></span> <span class='ocrx_word' id='word_1_110' title='bbox 931 2497 1047 2574; x_wconf 89' lang='lat' dir='ltr'><strong>locum,</strong></span> <span class='ocrx_word' id='word_1_111' title='bbox 1064 2501 1095 2563; x_wconf 91' lang='lat' dir='ltr'><strong>in</strong></span> <span class='ocrx_word' id='word_1_112' title='bbox 1112 2522 1213 2587; x_wconf 86' lang='lat' dir='ltr'><strong>eoque</strong></span> <span class='ocrx_word' id='word_1_113' title='bbox 1227 2522 1308 2586; x_wconf 88' lang='lat' dir='ltr'><strong>prae-</strong></span> 
     </span>
     <span class='ocr_line' id='line_1_17' title="bbox 355 2597 1307 2688; baseline 0.006 -28"><span class='ocrx_word' id='word_1_114' title='bbox 355 2597 457 2662; x_wconf 86' lang='lat' dir='ltr'><strong>fertur</strong></span> <span class='ocrx_word' id='word_1_115' title='bbox 467 2597 591 2675; x_wconf 88' lang='lat' dir='ltr'><strong>ceteris,</strong></span> <span class='ocrx_word' id='word_1_116' title='bbox 602 2597 691 2685; x_wconf 91' lang='lat' dir='ltr'><strong>quod</strong></span> <span class='ocrx_word' id='word_1_117' title='bbox 703 2621 803 2684; x_wconf 92' lang='lat' dir='ltr'><strong>quum</strong></span> <span class='ocrx_word' id='word_1_118' title='bbox 814 2598 931 2681; x_wconf 83' lang='lat' dir='ltr'><strong>singuli</strong></span> <span class='ocrx_word' id='word_1_119' title='bbox 942 2611 1110 2664; x_wconf 87' lang='lat' dir='ltr'><strong>teneantur</strong></span> <span class='ocrx_word' id='word_1_120' title='bbox 1120 2600 1161 2665; x_wconf 90' lang='lat' dir='ltr'><strong>ad</strong></span> <span class='ocrx_word' id='word_1_121' title='bbox 1172 2602 1307 2688; x_wconf 85' lang='lat' dir='ltr'><strong>singula,</strong></span> 
     </span>
     <span class='ocr_line' id='line_1_18' title="bbox 355 2697 1307 2783; baseline 0.008 -24"><span class='ocrx_word' id='word_1_122' title='bbox 355 2697 493 2783; x_wconf 87' lang='lat' dir='ltr'><strong>principi</strong></span> <span class='ocrx_word' id='word_1_123' title='bbox 513 2721 611 2766; x_wconf 85' lang='lat' dir='ltr'><strong>onera</strong></span> <span class='ocrx_word' id='word_1_124' title='bbox 632 2698 796 2763; x_wconf 91' lang='lat' dir='ltr'><strong>imminent</strong></span> <span class='ocrx_word' id='word_1_125' title='bbox 820 2701 976 2764; x_wconf 87' lang='lat' dir='ltr'><strong>universa.</strong></span> <span class='ocrx_word' id='word_1_126' title='bbox 1021 2700 1118 2764; x_wconf 91' lang='lat' dir='ltr'><strong>Unde</strong></span> <span class='ocrx_word' id='word_1_127' title='bbox 1139 2701 1252 2766; x_wconf 89' lang='lat' dir='ltr'><strong>merito</strong></span> <span class='ocrx_word' id='word_1_128' title='bbox 1274 2703 1307 2766; x_wconf 92' lang='lat' dir='ltr'><strong>in</strong></span> 
     </span>
     <span class='ocr_line' id='line_1_19' title="bbox 356 2797 1307 2885; baseline 0.007 -24"><span class='ocrx_word' id='word_1_129' title='bbox 356 2820 430 2861; x_wconf 81' lang='lat' dir='ltr'><strong>cum</strong></span> <span class='ocrx_word' id='word_1_130' title='bbox 456 2798 598 2866; x_wconf 88' lang='lat' dir='ltr'><strong>omnium</strong></span> <span class='ocrx_word' id='word_1_131' title='bbox 625 2797 829 2863; x_wconf 87' lang='lat' dir='ltr'><strong>subditorum</strong></span> <span class='ocrx_word' id='word_1_132' title='bbox 853 2813 994 2885; x_wconf 87' lang='lat' dir='ltr'><strong>potestas</strong></span> <span class='ocrx_word' id='word_1_133' title='bbox 1016 2800 1189 2879; x_wconf 88' lang='lat' dir='ltr'><strong>confertur,</strong></span> <span class='ocrx_word' id='word_1_134' title='bbox 1213 2818 1250 2868; x_wconf 90' lang='lat' dir='ltr'><strong>ut</strong></span> <span class='ocrx_word' id='word_1_135' title='bbox 1275 2805 1307 2868; x_wconf 92' lang='lat' dir='ltr'><strong>in</strong></span> 
     </span>
     <span class='ocr_line' id='line_1_20' title="bbox 357 2898 1308 2990; baseline 0.011 -27"><span class='ocrx_word' id='word_1_136' title='bbox 357 2898 496 2965; x_wconf 88' lang='lat' dir='ltr'><strong>utilitate</strong></span> <span class='ocrx_word' id='word_1_137' title='bbox 521 2899 719 2985; x_wconf 84' lang='lat' dir='ltr'><strong>singulorum</strong></span> <span class='ocrx_word' id='word_1_138' title='bbox 745 2913 777 2967; x_wconf 88' lang='lat' dir='ltr'><strong>et</strong></span> <span class='ocrx_word' id='word_1_139' title='bbox 798 2903 941 2967; x_wconf 87' lang='lat' dir='ltr'><strong>omnium</strong></span> <span class='ocrx_word' id='word_1_140' title='bbox 963 2904 1161 2990; x_wconf 85' lang='lat' dir='ltr'><strong>exquirenda</strong></span> <span class='ocrx_word' id='word_1_141' title='bbox 1181 2920 1213 2971; x_wconf 90' lang='lat' dir='ltr'><strong>et</strong></span> <span class='ocrx_word' id='word_1_142' title='bbox 1233 2908 1308 2974; x_wconf 86' lang='lat' dir='ltr'><strong>faoi-</strong></span> 
     </span>
     <span class='ocr_line' id='line_1_21' title="bbox 356 3001 1307 3092; baseline 0.008 -27"><span class='ocrx_word' id='word_1_143' title='bbox 356 3001 448 3077; x_wconf 71' lang='lat' dir='ltr'><strong>enda,</strong></span> <span class='ocrx_word' id='word_1_144' title='bbox 465 3001 525 3067; x_wconf 89' lang='lat' dir='ltr'><strong>sibi</strong></span> <span class='ocrx_word' id='word_1_145' title='bbox 539 3003 609 3089; x_wconf 81' lang='lat' dir='ltr'><strong>ipse</strong></span> <span class='ocrx_word' id='word_1_146' title='bbox 624 3003 769 3082; x_wconf 88' lang='lat' dir='ltr'><strong>sufficiat,</strong></span> <span class='ocrx_word' id='word_1_147' title='bbox 785 3016 817 3069; x_wconf 90' lang='lat' dir='ltr'><strong>et</strong></span> <span class='ocrx_word' id='word_1_148' title='bbox 832 3005 985 3071; x_wconf 75' lang='lat' dir='ltr'><strong>¹humanae</strong></span> <span class='ocrx_word' id='word_1_149' title='bbox 1006 3005 1189 3092; x_wconf 80' lang='lat' dir='ltr'><strong>reipublicae</strong></span> <span class='ocrx_word' id='word_1_150' title='bbox 1204 3020 1307 3074; x_wconf 86' lang='lat' dir='ltr'><strong>status</strong></span> 
     </span>
     <span class='ocr_line' id='line_1_22' title="bbox 268 3104 1307 3193; baseline 0.009 -26"><span class='ocrx_word' id='word_1_151' title='bbox 268 3134 272 3140; x_wconf 92' lang='grc'>·</span> <span class='ocrx_word' id='word_1_152' title='bbox 355 3106 476 3189; x_wconf 87' lang='lat' dir='ltr'><strong>optime</strong></span> <span class='ocrx_word' id='word_1_153' title='bbox 496 3104 695 3193; x_wconf 85' lang='lat' dir='ltr'><strong>disponatur,</strong></span> <span class='ocrx_word' id='word_1_154' title='bbox 708 3107 785 3172; x_wconf 94' lang='lat' dir='ltr'><strong>dum</strong></span> <span class='ocrx_word' id='word_1_155' title='bbox 810 3120 886 3172; x_wconf 90' lang='lat' dir='ltr'><strong>sunt</strong></span> <span class='ocrx_word' id='word_1_156' title='bbox 907 3107 987 3173; x_wconf 89' lang='lat' dir='ltr'><strong>alter</strong></span> <span class='ocrx_word' id='word_1_157' title='bbox 1006 3107 1137 3173; x_wconf 85' lang='lat' dir='ltr'><strong>alterius</strong></span> <span class='ocrx_word' id='word_1_158' title='bbox 1156 3114 1307 3176; x_wconf 89' lang='lat' dir='ltr'><strong>membra.</strong></span> 
     </span>
     <span class='ocr_line' id='line_1_23' title="bbox 357 3205 1307 3293; baseline 0.007 -25"><span class='ocrx_word' id='word_1_159' title='bbox 357 3205 397 3269; x_wconf 91' lang='lat' dir='ltr'><strong>In</strong></span> <span class='ocrx_word' id='word_1_160' title='bbox 413 3229 479 3291; x_wconf 92' lang='lat' dir='ltr'><strong>quo</strong></span> <span class='ocrx_word' id='word_1_161' title='bbox 494 3206 623 3291; x_wconf 93' lang='lat' dir='ltr'><strong>quidem</strong></span> <span class='ocrx_word' id='word_1_162' title='bbox 638 3207 791 3293; x_wconf 87' lang='lat' dir='ltr'><strong>optimam</strong></span> <span class='ocrx_word' id='word_1_163' title='bbox 816 3207 941 3273; x_wconf 84' lang='lat' dir='ltr'><strong>vivendi</strong></span> <span class='ocrx_word' id='word_1_164' title='bbox 961 3208 1075 3272; x_wconf 91' lang='lat' dir='ltr'><strong>ducem</strong></span> <span class='ocrx_word' id='word_1_165' title='bbox 1096 3222 1244 3275; x_wconf 88' lang='lat' dir='ltr'><strong>naturam</strong></span> <span class='ocrx_word' id='word_1_166' title='bbox 1260 3234 1307 3275; x_wconf 88' lang='lat' dir='ltr'><strong>ae-</strong></span> 
     </span>
     <span class='ocr_line' id='line_1_24' title="bbox 354 3306 1306 3396; baseline 0.006 -25"><span class='ocrx_word' id='word_1_167' title='bbox 354 3306 495 3393; x_wconf 89' lang='lat' dir='ltr'><strong>quimur,</strong></span> <span class='ocrx_word' id='word_1_168' title='bbox 510 3331 585 3395; x_wconf 88' lang='lat' dir='ltr'><strong>quae</strong></span> <span class='ocrx_word' id='word_1_169' title='bbox 607 3309 800 3396; x_wconf 73' lang='grc' dir='ltr'><strong><em>μικςὸκὸσμου</em></strong></span> <span class='ocrx_word' id='word_1_170' title='bbox 821 3310 881 3390; x_wconf 90' lang='lat' dir='ltr'><strong>sui,</strong></span> <span class='ocrx_word' id='word_1_171' title='bbox 894 3309 928 3373; x_wconf 91' lang='lat' dir='ltr'><strong>id</strong></span> <span class='ocrx_word' id='word_1_172' title='bbox 951 3323 1009 3389; x_wconf 87' lang='lat' dir='ltr'><strong>eat,</strong></span> <span class='ocrx_word' id='word_1_173' title='bbox 1032 3311 1145 3375; x_wconf 89' lang='lat' dir='ltr'><strong>mundi</strong></span> <span class='ocrx_word' id='word_1_174' title='bbox 1167 3312 1306 3389; x_wconf 85' lang='lat' dir='ltr'><strong>minoris,</strong></span> 
     </span>
     <span class='ocr_line' id='line_1_25' title="bbox 355 3410 1306 3502; baseline 0.009 -28"><span class='ocrx_word' id='word_1_175' title='bbox 355 3410 491 3483; x_wconf 85' lang='lat' dir='ltr'><strong>bominis</strong></span> <span class='ocrx_word' id='word_1_176' title='bbox 505 3413 634 3494; x_wconf 88' lang='lat' dir='ltr'><strong>scilicet,</strong></span> <span class='ocrx_word' id='word_1_177' title='bbox 650 3436 759 3479; x_wconf 88' lang='lat' dir='ltr'><strong>sensus</strong></span> <span class='ocrx_word' id='word_1_178' title='bbox 780 3414 943 3479; x_wconf 82' lang='lat' dir='ltr'><strong>uniuersos</strong></span> <span class='ocrx_word' id='word_1_179' title='bbox 962 3413 994 3479; x_wconf 89' lang='lat' dir='ltr'><strong>in</strong></span> <span class='ocrx_word' id='word_1_180' title='bbox 1011 3415 1115 3502; x_wconf 87' lang='lat' dir='ltr'><strong>capite</strong></span> <span class='ocrx_word' id='word_1_181' title='bbox 1129 3416 1306 3495; x_wconf 88' lang='lat' dir='ltr'><strong>collocavit,</strong></span> 
     </span>
     <span class='ocr_line' id='line_1_26' title="bbox 357 3514 1307 3604; baseline 0.007 -28"><span class='ocrx_word' id='word_1_182' title='bbox 357 3514 441 3576; x_wconf 86' lang='lat' dir='ltr'><strong>etei</strong></span> <span class='ocrx_word' id='word_1_183' title='bbox 463 3515 508 3576; x_wconf 90' lang='lat' dir='ltr'><strong>sic</strong></span> <span class='ocrx_word' id='word_1_184' title='bbox 529 3515 676 3590; x_wconf 87' lang='lat' dir='ltr'><strong>universa</strong></span> <span class='ocrx_word' id='word_1_185' title='bbox 698 3518 840 3582; x_wconf 86' lang='lat' dir='ltr'><strong>membra</strong></span> <span class='ocrx_word' id='word_1_186' title='bbox 863 3517 1011 3604; x_wconf 86' lang='lat' dir='ltr'><strong>subjecit,</strong></span> <span class='ocrx_word' id='word_1_187' title='bbox 1035 3531 1071 3583; x_wconf 92' lang='lat' dir='ltr'><strong>ut</strong></span> <span class='ocrx_word' id='word_1_188' title='bbox 1094 3517 1200 3582; x_wconf 88' lang='lat' dir='ltr'><strong>omnia</strong></span> <span class='ocrx_word' id='word_1_189' title='bbox 1221 3531 1307 3583; x_wconf 88' lang='lat' dir='ltr'><strong>recte</strong></span> 
     </span>
     <span class='ocr_line' id='line_1_27' title="bbox 355 3615 1306 3705; baseline 0.012 -30"><span class='ocrx_word' id='word_1_190' title='bbox 355 3624 555 3689; x_wconf 88' lang='lat' dir='ltr'><strong>moveantur,</strong></span> <span class='ocrx_word' id='word_1_191' title='bbox 580 3615 659 3678; x_wconf 92' lang='lat' dir='ltr'><strong>dum</strong></span> <span class='ocrx_word' id='word_1_192' title='bbox 688 3620 755 3682; x_wconf 89' lang='lat' dir='ltr'><strong>sani</strong></span> <span class='ocrx_word' id='word_1_193' title='bbox 781 3618 893 3705; x_wconf 87' lang='lat' dir='ltr'><strong>capitis</strong></span> <span class='ocrx_word' id='word_1_194' title='bbox 923 3630 1101 3703; x_wconf 89' lang='lat' dir='ltr'><strong>sequuntur</strong></span> <span class='ocrx_word' id='word_1_195' title='bbox 1127 3620 1306 3687; x_wconf 78' lang='lat' dir='ltr'><strong>arbitrium.</strong></span> 
     </span>
     <span class='ocr_line' id='line_1_28' title="bbox 358 3713 1308 3804; baseline 0.006 -27"><span class='ocrx_word' id='word_1_196' title='bbox 358 3713 420 3777; x_wconf 86' lang='lat' dir='ltr'><strong>Tot</strong></span> <span class='ocrx_word' id='word_1_197' title='bbox 436 3733 513 3796; x_wconf 88' lang='lat' dir='ltr'><strong>ergo</strong></span> <span class='ocrx_word' id='word_1_198' title='bbox 534 3724 567 3777; x_wconf 88' lang='lat' dir='ltr'><strong>et</strong></span> <span class='ocrx_word' id='word_1_199' title='bbox 589 3717 687 3780; x_wconf 91' lang='lat' dir='ltr'><strong>tantis</strong></span> <span class='ocrx_word' id='word_1_200' title='bbox 705 3718 881 3803; x_wconf 85' lang='lat' dir='ltr'><strong>privilegiis</strong></span> <span class='ocrx_word' id='word_1_201' title='bbox 904 3742 985 3804; x_wconf 87' lang='lat' dir='ltr'><strong>apex</strong></span> <span class='ocrx_word' id='word_1_202' title='bbox 1009 3717 1193 3804; x_wconf 88' lang='lat' dir='ltr'><strong>principalis</strong></span> <span class='ocrx_word' id='word_1_203' title='bbox 1207 3720 1308 3783; x_wconf 82' lang='lat' dir='ltr'><strong>extol-</strong></span> 
     </span>
    </p>
   </div>
   <div class='ocr_carea' id='block_1_4' title="bbox 356 3812 1308 4510">
    <p class='ocr_par' dir='ltr' id='par_1_5' title="bbox 356 3812 1308 4510">
     <span class='ocr_line' id='line_1_29' title="bbox 356 3812 1308 3909; baseline 0.008 -32"><span class='ocrx_word' id='word_1_204' title='bbox 356 3812 446 3891; x_wconf 88' lang='lat' dir='ltr'><strong>litur,</strong></span> <span class='ocrx_word' id='word_1_205' title='bbox 458 3826 489 3878; x_wconf 93' lang='lat' dir='ltr'><strong>et</strong></span> <span class='ocrx_word' id='word_1_206' title='bbox 506 3814 708 3901; x_wconf 82' lang='lat' dir='ltr'><strong>splendescit,</strong></span> <span class='ocrx_word' id='word_1_207' title='bbox 719 3831 799 3904; x_wconf 92' lang='lat' dir='ltr'><strong>quot</strong></span> <span class='ocrx_word' id='word_1_208' title='bbox 814 3830 845 3882; x_wconf 87' lang='lat' dir='ltr'><strong>et</strong></span> <span class='ocrx_word' id='word_1_209' title='bbox 854 3831 980 3909; x_wconf 86' lang='lat' dir='ltr'><strong>quanta</strong></span> <span class='ocrx_word' id='word_1_210' title='bbox 991 3817 1052 3881; x_wconf 89' lang='lat' dir='ltr'><strong>sibi</strong></span> <span class='ocrx_word' id='word_1_211' title='bbox 1063 3818 1124 3903; x_wconf 89' lang='lat' dir='ltr'><strong>ipsi</strong></span> <span class='ocrx_word' id='word_1_212' title='bbox 1136 3820 1308 3885; x_wconf 84' lang='lat' dir='ltr'><strong>necessaria</strong></span> 
     </span>
     <span class='ocr_line' id='line_1_30' title="bbox 357 3915 1306 4006; baseline 0.009 -27"><span class='ocrx_word' id='word_1_213' title='bbox 357 3915 503 3981; x_wconf 88' lang='lat' dir='ltr'><strong>credidit.</strong></span> <span class='ocrx_word' id='word_1_214' title='bbox 537 3921 637 3983; x_wconf 88' lang='lat' dir='ltr'><strong>Recte</strong></span> <span class='ocrx_word' id='word_1_215' title='bbox 652 3918 792 4003; x_wconf 90' lang='lat' dir='ltr'><strong>quidem,</strong></span> <span class='ocrx_word' id='word_1_216' title='bbox 807 3924 884 4005; x_wconf 92' lang='lat' dir='ltr'><strong>quia</strong></span> <span class='ocrx_word' id='word_1_217' title='bbox 900 3919 1020 4006; x_wconf 91' lang='lat' dir='ltr'><strong>populo</strong></span> <span class='ocrx_word' id='word_1_218' title='bbox 1036 3919 1237 3986; x_wconf 87' lang='lat' dir='ltr'><strong>nihilutilius</strong></span> <span class='ocrx_word' id='word_1_219' title='bbox 1248 3936 1306 4001; x_wconf 88' lang='lat' dir='ltr'><strong>est,</strong></span> 
     </span>
     <span class='ocr_line' id='line_1_31' title="bbox 357 4017 1306 4111; baseline 0.009 -30"><span class='ocrx_word' id='word_1_220' title='bbox 357 4039 453 4102; x_wconf 89' lang='lat' dir='ltr'><strong>quam</strong></span> <span class='ocrx_word' id='word_1_221' title='bbox 470 4030 508 4082; x_wconf 92' lang='lat' dir='ltr'><strong>ut</strong></span> <span class='ocrx_word' id='word_1_222' title='bbox 522 4017 674 4104; x_wconf 89' lang='lat' dir='ltr'><strong>principis</strong></span> <span class='ocrx_word' id='word_1_223' title='bbox 685 4021 853 4086; x_wconf 85' lang='lat' dir='ltr'><strong>necessitas</strong></span> <span class='ocrx_word' id='word_1_224' title='bbox 863 4020 1053 4107; x_wconf 82' lang='lat' dir='ltr'><strong>expleatur?</strong></span> <span class='ocrx_word' id='word_1_225' title='bbox 1075 4022 1195 4109; x_wconf 89' lang='lat' dir='ltr'><strong>quippe</strong></span> <span class='ocrx_word' id='word_1_226' title='bbox 1207 4048 1306 4111; x_wconf 89' lang='lat' dir='ltr'><strong>quum</strong></span> 
     </span>
     <span class='ocr_line' id='line_1_32' title="bbox 358 4121 1307 4210; baseline 0.011 -26"><span class='ocrx_word' id='word_1_227' title='bbox 358 4143 415 4185; x_wconf 88' lang='lat' dir='ltr'><strong>nec</strong></span> <span class='ocrx_word' id='word_1_228' title='bbox 435 4121 584 4187; x_wconf 90' lang='lat' dir='ltr'><strong>voluntas</strong></span> <span class='ocrx_word' id='word_1_229' title='bbox 603 4124 683 4209; x_wconf 87' lang='lat' dir='ltr'><strong>ejus,</strong></span> <span class='ocrx_word' id='word_1_230' title='bbox 700 4124 838 4210; x_wconf 74' lang='lat' dir='ltr'><strong>justitiae</strong></span> <span class='ocrx_word' id='word_1_231' title='bbox 859 4125 1039 4191; x_wconf 81' lang='lat' dir='ltr'><strong>inveniatur</strong></span> <span class='ocrx_word' id='word_1_232' title='bbox 1058 4127 1201 4193; x_wconf 87' lang='lat' dir='ltr'><strong>adversa.</strong></span> <span class='ocrx_word' id='word_1_233' title='bbox 1246 4133 1307 4195; x_wconf 85' lang='lat' dir='ltr'><strong>Est</strong></span> 
     </span>
     <span class='ocr_line' id='line_1_33' title="bbox 358 4224 1308 4313; baseline 0.011 -31"><span class='ocrx_word' id='word_1_234' title='bbox 358 4242 446 4303; x_wconf 86' lang='lat' dir='ltr'><strong>ergo,</strong></span> <span class='ocrx_word' id='word_1_235' title='bbox 475 4236 510 4286; x_wconf 91' lang='lat' dir='ltr'><strong>ut</strong></span> <span class='ocrx_word' id='word_1_236' title='bbox 536 4246 609 4287; x_wconf 91' lang='lat' dir='ltr'><strong>eum</strong></span> <span class='ocrx_word' id='word_1_237' title='bbox 636 4224 780 4311; x_wconf 86' lang='lat' dir='ltr'><strong>plerique</strong></span> <span class='ocrx_word' id='word_1_238' title='bbox 806 4225 974 4305; x_wconf 86' lang='lat' dir='ltr'><strong>definiunt,</strong></span> <span class='ocrx_word' id='word_1_239' title='bbox 999 4226 1145 4313; x_wconf 90' lang='lat' dir='ltr'><strong>princeps</strong></span> <span class='ocrx_word' id='word_1_240' title='bbox 1170 4242 1308 4313; x_wconf 87' lang='lat' dir='ltr'><strong>potestas</strong></span> 
     </span>
     <span class='ocr_line' id='line_1_34' title="bbox 359 4321 1306 4415; baseline 0.012 -31"><span class='ocrx_word' id='word_1_241' title='bbox 359 4321 499 4406; x_wconf 88' lang='lat' dir='ltr'><strong>publica,</strong></span> <span class='ocrx_word' id='word_1_242' title='bbox 510 4336 542 4387; x_wconf 87' lang='lat' dir='ltr'><strong>et</strong></span> <span class='ocrx_word' id='word_1_243' title='bbox 558 4327 694 4389; x_wconf 83' lang='lat' dir='ltr'><strong>interris</strong></span> <span class='ocrx_word' id='word_1_244' title='bbox 710 4327 858 4414; x_wconf 88' lang='lat' dir='ltr'><strong>quaedam</strong></span> <span class='ocrx_word' id='word_1_245' title='bbox 870 4328 989 4391; x_wconf 89' lang='lat' dir='ltr'><strong>divinae</strong></span> <span class='ocrx_word' id='word_1_246' title='bbox 1004 4329 1177 4415; x_wconf 86' lang='lat' dir='ltr'><strong>majestatis</strong></span> <span class='ocrx_word' id='word_1_247' title='bbox 1191 4329 1306 4415; x_wconf 86' lang='lat' dir='ltr'><strong>imag0.</strong></span> 
     </span>
     <span class='ocr_line' id='line_1_35' title="bbox 360 4421 1308 4510; baseline 0.005 -24"><span class='ocrx_word' id='word_1_248' title='bbox 360 4421 577 4487; x_wconf 90' lang='lat' dir='ltr'><strong>Proculdubio</strong></span> <span class='ocrx_word' id='word_1_249' title='bbox 592 4446 741 4509; x_wconf 86' lang='lat' dir='ltr'><strong>magnum</strong></span> <span class='ocrx_word' id='word_1_250' title='bbox 754 4426 833 4510; x_wconf 92' lang='lat' dir='ltr'><strong>quid</strong></span> <span class='ocrx_word' id='word_1_251' title='bbox 846 4425 963 4491; x_wconf 81' lang='lat' dir='ltr'><strong>divinae</strong></span> <span class='ocrx_word' id='word_1_252' title='bbox 979 4426 1118 4508; x_wconf 88' lang='lat' dir='ltr'><strong>virtutis,</strong></span> <span class='ocrx_word' id='word_1_253' title='bbox 1129 4426 1308 4493; x_wconf 87' lang='lat' dir='ltr'><strong>declaratur</strong></span> 
     </span>
    </p>
   </div>
   <div class='ocr_carea' id='block_1_5' title="bbox 1347 1407 1381 1699">
    <p class='ocr_par' dir='ltr' id='par_1_6' title="bbox 1347 1407 1381 1699">
     <span class='ocr_line' id='line_1_36' title="bbox 1347 1407 1381 1699; baseline 0 -115"><span class='ocrx_word' id='word_1_254' title='bbox 1347 1407 1381 1699; x_wconf 67' lang='lat' dir='ltr'><strong>ll</strong></span> 
     </span>
    </p>
   </div>
   <div class='ocr_carea' id='block_1_6' title="bbox 1352 1710 1359 1770">
    <p class='ocr_par' dir='ltr' id='par_1_7' title="bbox 1352 1710 1359 1770">
     <span class='ocr_line' id='line_1_37' title="bbox 1352 1710 1359 1770; baseline 0 0"><span class='ocrx_word' id='word_1_255' title='bbox 1352 1710 1359 1770; x_wconf 85' lang='lat' dir='ltr'><strong>l</strong></span> 
     </span>
    </p>
   </div>
   <div class='ocr_carea' id='block_1_7' title="bbox 0 0 1798 5575">
    <p class='ocr_par' dir='ltr' id='par_1_8' title="bbox 0 0 1798 5575">
     <span class='ocr_line' id='line_1_38' title="bbox 0 0 1798 5575; baseline 0 0"><span class='ocrx_word' id='word_1_256' title='bbox 0 0 1798 5575; x_wconf 95' lang='lat' dir='ltr'><strong> </strong></span> 
     </span>
    </p>
   </div>
  </div>
 </body>
</html>
