3575 5575
353 841 423 886 cer.
439 822 491 901 11.]
712 835 968 883 notronnrrcos.
1237 820 1297 880 221

362 1076 445 1161 Cap.
461 1081 491 1138 2.
522 1075 609 1150 Quid
627 1078 699 1138 len:
724 1084 755 1138 et
777 1075 862 1156 qnod
880 1075 1046 1154 Princeps,
1067 1070 1140 1133 lieet
1159 1072 1201 1134 sit
1222 1072 1303 1151 legis

393 1178 523 1240 simibus
539 1177 717 1254 absolutus,
737 1179 818 1256 legis
834 1182 941 1238 tamen
958 1193 1070 1237 seruus
1089 1177 1134 1234 est
1153 1180 1185 1234 et
1203 1175 1302 1254 requi·

397 1281 487 1354 tntis,
507 1281 653 1361 geritque
675 1298 845 1359 personam
872 1277 1043 1360 publicam,
1064 1282 1096 1337 et
1116 1275 1304 1338 iunocenter

395 1381 723 1462 sanguinemfnrrdit.

361 1543 366 1550 -
396 1499 471 1559 Nnc
492 1495 525 1558 in
548 1517 587 1560 eo
609 1494 669 1559 sibi
695 1493 856 1578 Principes
877 1491 1002 1556 detrahi
1024 1491 1226 1567 arbitrentur,
1243 1491 1301 1558 nisi

347 1596 486 1682 justitiae
509 1618 576 1660 suae
598 1606 719 1660 statuta
740 1594 938 1679 praeferenda
959 1591 1151 1658 crediderint
1167 1592 1304 1678 justitiae

353 1695 428 1772 Dei,
450 1697 543 1781 eujus
563 1695 703 1782 justitie,
724 1692 853 1780 justitia
875 1693 907 1756 in
931 1705 1084 1758 aeternum
1112 1705 1170 1770 est,
1193 1707 1225 1758 et
1251 1695 1303 1760 lex

353 1798 424 1884 ejus
437 1795 584 1881 aeqnitas.
622 1798 722 1860 Porro
736 1794 883 1880 aequitas,
893 1807 931 1857 ut
942 1793 1025 1880 juris
1039 1794 1134 1879 periti
1145 1808 1303 1876 asserunt,

352 1920 460 1962 rernm
482 1897 701 1962 convenientia
722 1908 781 1971 est,
796 1918 872 1981 quae
890 1907 1007 1959 cuneta
1025 1894 1240 1981 coaequiperat
1254 1918 1303 1961 re·

354 2000 452 2073 tione,
475 2012 507 2062 et
532 1996 719 2083 inparibus
744 1996 840 2060 rebus
863 1998 952 2080 paria
972 1996 1049 2080 jura
1073 1994 1243 2071 desiderat,
1269 1996 1301 2060 in

353 2121 462 2162 omnes
477 2096 653 2183 oequebilis‚
668 2096 808 2160 tribuens
830 2096 1003 2180 unicuique
1021 2094 1110 2181 quod
1130 2118 1223 2159 suum
1245 2111 1301 2163 est.

355 2198 421 2267 Lex
445 2221 519 2262 vero
537 2199 608 2283 ejus
627 2197 782 2283 interpres
803 2210 862 2275 est,
879 2208 993 2281 utpote
1014 2197 1067 2261 cui
1090 2198 1251 2282 requitatis
1270 2211 1303 2267 et

349 2299 486 2386 justitiae
515 2298 662 2363 voluntas
690 2297 840 2363 innotuit.
890 2297 987 2361 Unde
1010 2310 1042 2361 et
1068 2320 1137 2361 eam
1161 2301 1304 2367 onmium

356 2423 474 2478 rerum,
505 2399 685 2464 divinarum
716 2413 748 2463 et
777 2397 1001 2475 humanarum,
1031 2413 1207 2485 compotem
1237 2425 1304 2468 esse

357 2503 559 2590 Chrysippus
595 2499 748 2567 asseruit:
795 2499 938 2586 Ideoque
972 2520 1123 2587 praestare
1157 2504 1304 2571 omnibus

355 2605 446 2670 bonis
465 2617 497 2668 et
517 2603 621 2682 malis,
640 2616 672 2667 et
691 2615 755 2667 tam
776 2623 883 2665 rernm
904 2623 1001 2685 quam
1022 2601 1198 2684 homiuum,
1217 2608 1303 2690 prin-

356 2705 458 2793 cipem
480 2718 512 2769 et
534 2703 648 2767 ducem
671 2725 748 2766 esse.
793 2702 855 2765 cui
879 2701 1083 2786 Papinianus
1103 2703 1152 2766 vir
1175 2705 1305 2791 quidem

353 2806 438 2892 juris
459 2802 761 2891 experientissimus,
782 2815 814 2866 et
837 2802 1077 2880 Demosthenes,
1097 2818 1203 2871 orator
1224 2830 1306 2893 prae·

357 2920 481 2992 potens,
493 2905 642 2969 videntur
656 2903 833 2989 suffragari,
848 2915 880 2968 et
894 2904 1035 2968 omnium
1051 2905 1213 2971 hominum
1231 2911 1307 2975 sub.

352 3009 450 3095 jieere
464 3007 688 3085 obedientiam,
699 3007 832 3092 eoquod
848 3007 900 3071 lex
912 3006 1013 3071 omnis
1024 3007 1163 3073 inventio
1174 3011 1305 3096 quidem

356 3123 416 3190 est,
438 3123 469 3174 et
492 3109 611 3174 donum
635 3110 710 3187 Dei,
732 3108 847 3191 dogma
868 3109 1061 3195 sapientum,
1082 3116 1234 3178 eorrectio
1251 3138 1307 3179 vo·

357 3211 568 3279 loutariorum
582 3233 781 3288 excessuum,
796 3210 934 3276 civitatis
949 3214 1145 3297 compositi0,
1161 3226 1192 3279 et
1208 3215 1308 3281 totius

356 3316 497 3386 criminis
511 3314 606 3401 fnga3
642 3314 815 3379 seeundum
837 3336 933 3400 quam
954 3312 1043 3377 decet
1066 3316 1172 3379 vivere
1189 3340 1309 3400 omnes,

357 3418 454 3505 quiin
465 3416 602 3503 politieae
612 3419 657 3481 rei
668 3418 873 3482 universitate
882 3430 1057 3482 versantur.
1074 3418 1191 3484 Omnes
1200 3423 1310 3509 itaque

357 3519 797 3603 nenessitatelegisservundae
806 3520 990 3584 necessitate
998 3530 1144 3584 tenentur
1153 3520 1309 3603 adstricti,

358 3618 418 3683 nisi
434 3618 518 3682 sorte
539 3619 656 3703 uliquis
676 3620 728 3699 sit,
742 3620 793 3684 eui
815 3620 994 3705 iniquitatis
1015 3620 1140 3686 lieentia
1163 3623 1309 3689 videatur

358 3722 494 3792 indulta.
534 3718 685 3804 Princeps
705 3734 809 3783 tamen
830 3722 909 3805 legis
930 3723 1067 3788 nexibus
1084 3724 1204 3790 dicitur
1219 3727 1309 3791 abso·

360 3825 463 3901 lutus,
474 3845 537 3887 non
550 3821 626 3909 quie
636 3821 665 3884 ei
676 3821 789 3906 iniqua
800 3821 923 3897 liceant,
934 3822 988 3885 sed
1001 3823 1079 3907 quia
1092 3822 1119 3887 is
1128 3846 1194 3889 esse
1204 3826 1310 3909 debet,

360 3927 416 4013 qui
429 3948 492 3989 non
508 3924 620 3988 timore
634 3944 748 4009 poeuae,
764 3922 818 3985 sed
840 3944 947 3985 amore
964 3921 1103 4009 justitiae
1125 3928 1309 4011 equitatem

358 4029 454 4111 eolat,
468 4026 653 4113 reipublicae
674 4038 824 4113 procuret
849 4024 1031 4105 utilitatem,
1046 4038 1078 4092 et
1098 4026 1130 4091 in
1150 4028 1308 4105 omnibus,

360 4130 495 4195 eliorum
518 4127 684 4193 commoda
704 4125 839 4213 privatae
858 4127 1008 4211 praelerat
1031 4117 1199 4195 voluntati.
1244 4133 1308 4198 Sed

362 4232 437 4316 quis
450 4233 484 4295 in
498 4231 633 4316 negotiis
647 4229 785 4317 publicis
801 4228 952 4316 loquetur
969 4230 1009 4295 de
1031 4230 1182 4318 principis
1197 4233 1309 4299 volun-

363 4346 442 4409 tate,
453 4355 552 4418 quum
569 4332 601 4395 in
616 4332 661 4395 eis
675 4331 719 4395 nil
730 4331 791 4396 sibi
806 4331 887 4394 velle
898 4330 1001 4409 lineet,
1013 4332 1073 4395 nisi
1087 4332 1175 4417 quod
1186 4334 1238 4398 lex
1253 4350 1309 4401 eut

362 4435 502 4521 nequitus
522 4434 706 4520 persuadet,
727 4447 782 4499 aut
800 4435 882 4499 ratio
897 4433 1072 4523 cqmmunis
1095 4433 1241 4502 utilitatis
1262 4434 1311 4503 in-
