3575 5575
503 769 544 834 80
761 786 896 830 maurus
912 784 1186 831 sanasnmunusm
1318 762 1401 842 [aaa.
1419 783 1455 826 11.

507 938 557 1002 vel
583 937 747 1001 vinearum
772 935 945 1016 radicibus,
967 936 1143 1022 appetitiva
1169 932 1305 1020 quadam
1333 935 1455 1000 virtute

505 1037 689 1116 attrahitur,
699 1036 815 1100 deinde
830 1034 969 1121 quadam
981 1036 1206 1101 distributione
1217 1047 1352 1111 naturae,
1367 1036 1456 1121 dige-

505 1142 588 1204 ritur
606 1161 662 1224 per
677 1137 860 1224 plantarum
877 1137 1030 1211 membra,
1046 1148 1077 1200 ct
1093 1159 1194 1222 quum
1210 1138 1251 1202 de
1271 1159 1330 1200 sua
1343 1134 1454 1200 decoc-

502 1243 588 1306 tione
614 1240 795 1325 profecerit,
826 1238 980 1325 turgescit
1009 1240 1043 1302 iu
1073 1237 1228 1314 surculos,
1253 1249 1286 1302 et
1316 1261 1382 1323 quo
1410 1237 1452 1300 ad

501 1341 764 1410 sustentationem
791 1339 840 1402 sui
864 1360 927 1402 non
947 1338 1080 1422 indiget,
1106 1338 1138 1402 iu
1167 1337 1245 1402 folia
1265 1349 1298 1402 et
1326 1337 1452 1402 fructus

501 1444 629 1518 emittit,
645 1441 817 1528 quiquam
835 1439 1059 1514 maturuerint,
1074 1441 1107 1504 in
1127 1454 1232 1504 musta
1247 1440 1451 1525 despumant,

501 1559 534 1610 et
557 1545 600 1608 sic
622 1564 679 1628 per
703 1539 870 1605 intervalla
898 1552 1089 1624 temporum,
1116 1551 1268 1604 consueto
1292 1561 1351 1602 usu
1376 1539 1451 1602 vina

499 1647 696 1735 parturiunt.
743 1642 777 1708 Si
804 1665 880 1705 vero
904 1640 1030 1705 occulta
1052 1641 1258 1727 dispositione
1282 1641 1356 1717 Dei,
1380 1641 1450 1725 qui·
1536 1711 1545 1720 .

499 1747 633 1815 busdam
653 1756 777 1809 naturae
797 1740 962 1823 cuniculis,
976 1743 1118 1826 digestus
1138 1756 1170 1807 et
1193 1755 1373 1807 maturatus
1387 1742 1448 1805 hu·

499 1873 568 1914 mor
582 1849 704 1933 absque
724 1847 876 1930 temporis
895 1844 1077 1926 interstitio,
1090 1845 1292 1932 inopinatum
1307 1856 1450 1909 vertatur

498 1954 532 2017 in
556 1953 677 2024 vinum,
699 1946 886 2010 miraculum
912 1946 1040 2031 quidem
1063 1960 1123 2027 est,
1144 1947 1222 2033 quia
1242 1946 1379 2011 altitudo
1400 1944 1449 2008 di-

498 2052 581 2116 vinae
602 2045 845 2133 dispensationis
865 2058 1008 2110 nostrum
1027 2045 1220 2111 transcendit
1240 2045 1445 2110 intellectum.

499 2151 573 2233 sed,
588 2163 624 2215 ut
640 2148 685 2214 ait
705 2150 839 2233 sapiens,
854 2146 947 2211 cedat
968 2147 1101 2214 inscitiae
1123 2149 1253 2213 nubilus
1267 2169 1365 2226 error,
1379 2169 1446 2212 ces·

497 2262 565 2316 sent
589 2249 732 2338 profecto
757 2248 838 2311 mira
863 2246 973 2312 videri.
1019 2249 1093 2312 Nou
1120 2262 1225 2312 tamen
1250 2247 1443 2312 mirabilium

497 2354 559 2418 Dei
574 2351 668 2415 fidem
686 2348 735 2412 vel
750 2348 971 2414 auctoritatem
986 2350 1146 2433 infringo;
1171 2350 1227 2415 sed
1241 2349 1442 2414 altitudinem

495 2455 679 2520 divitiarum
696 2451 858 2536 sapientiae
870 2464 903 2515 et
914 2451 1052 2517 scientiae
1068 2476 1146 2531 suoe,
1155 2452 1249 2538 plena
1263 2450 1443 2515 bumilitate

495 2579 627 2621 veneror
641 2567 672 2618 et
685 2551 834 2629 admiror,
848 2553 948 2617 sciens
964 2553 1039 2639 quia
1054 2554 1142 2639 quod
1155 2553 1291 2619 stultum
1306 2565 1354 2618 est
1367 2550 1440 2627 Dei,

492 2656 666 2744 sapientius
693 2667 741 2718 est
770 2653 963 2718 hominibus.
1016 2655 1056 2718 In
1082 2655 1191 2720 multis
1219 2657 1335 2720 etenim
1362 2653 1438 2730 labi,

490 2760 628 2826 humana
653 2755 820 2822 infirmitas
842 2767 901 2835 est,
925 2755 1008 2823 sicut
1030 2756 1062 2821 in
1085 2757 1174 2822 nullo
1197 2756 1288 2823 aliter
1310 2755 1437 2833 sentire,

489 2885 587 2947 quam
601 2883 652 2923 res
667 2882 699 2923 se
714 2860 842 2936 habeat,
858 2859 1000 2944 angelica
1015 2858 1066 2922 vel
1081 2859 1190 2923 divina
1204 2858 1367 2945 perfectio.

559 3098 640 3182 Cap.
660 3101 708 3161 ts.
736 3098 821 3170 Quia
836 3097 930 3160 Deus
943 3100 1047 3180 signia
1059 3120 1153 3161 auam
1165 3100 1365 3181 promunire

779 3201 936 3282 dignatur
950 3208 1142 3264 uenturam.

529 3337 603 3399 Hoc
619 3355 748 3419 quoque
771 3332 887 3398 divinae
910 3332 1120 3398 miserationis
1141 3346 1201 3412 est,
1217 3334 1305 3420 quod
1327 3335 1431 3421 signo-

481 3457 552 3501 rum
568 3457 698 3498 suorum
714 3435 832 3499 indicio
848 3434 1060 3520 ignorantiam
1076 3449 1216 3501 nostram
1233 3436 1429 3523 quandoque

481 3537 664 3623 praemunit.
711 3538 843 3602 Cometa
865 3536 1022 3623 siquidem
1046 3551 1231 3624 apparente,
1253 3540 1429 3604 creduntur

480 3639 645 3703 imminere
659 3637 799 3703 comitia.
845 3642 898 3703 An
915 3639 1042 3726 ignoras

689 3764 765 3817 terris
777 3770 921 3817 mutantem
932 3782 1014 3833 regna
1026 3766 1180 3821 cometem?

478 3874 582 3939 Italiae
604 3899 736 3963 quoque
757 3875 942 3940 imminente
964 3878 1100 3955 excidio,
1120 3902 1195 3965 quae
1216 3882 1308 3965 signa
1329 3882 1428 3947 conti-

475 3975 591 4061 gerint,
607 4000 669 4040 non
683 3978 784 4041 nescit
807 3976 953 4063 quisquis
974 3976 1178 4064 aliquatenus
1198 4002 1303 4043 rerum
1320 3982 1427 4067 publi-

476 4098 586 4140 carum
600 4075 748 4141 historias
762 4078 880 4164 attigit.
913 4079 1148 4144 Historicorum
1164 4080 1335 4157 volumina,
1352 4104 1426 4165 quoe

475 4176 515 4241 de
538 4177 634 4241 rebus
653 4179 916 4245 memorabilibus
939 4182 1135 4259 scribuntur,
1156 4180 1311 4268 prodigiis
1331 4181 1426 4267 plena

475 4291 550 4343 sunt
579 4292 611 4343 et
640 4279 781 4345 ostentis.
836 4282 985 4370 Denique
1014 4285 1073 4349 sub
1104 4284 1200 4348 Helia
1228 4297 1260 4350 et
1292 4285 1424 4351 Helisco

473 4386 575 4447 multa
589 4380 663 4445 fidei
678 4394 709 4445 et
726 4381 854 4447 virtutis
872 4384 963 4470 signa
983 4390 1178 4471 praecessisse
1192 4409 1255 4453 non
1276 4387 1422 4473 ambigis.
