3575 5575
334 815 404 860 cae.
420 801 494 876 vn]
669 777 926 864 moronarrous.
1225 806 1286 866 241

334 967 527 1051 quibusdam
549 967 628 1032 dum
650 968 840 1049 allevantur,
863 969 994 1056 dejectis
1016 981 1046 1033 et
1063 968 1207 1033 miserius
1229 971 1284 1035 de·

331 1068 479 1152 jiciendis
500 1072 653 1157 scriptum
677 1083 743 1136 est:
773 1071 833 1136 lsti
855 1081 1080 1156 regnaverunt,
1102 1081 1136 1134 et
1157 1092 1219 1134 non
1242 1095 1284 1137 ex

334 1192 407 1246 me;
431 1172 588 1258 principes
607 1175 796 1250 extiterunt,
816 1187 849 1240 et
872 1196 934 1260 ego
953 1171 1110 1258 ignoravi,
1133 1183 1164 1236 et
1187 1172 1283 1237 alibi:

335 1272 498 1339 Tenentes
511 1275 613 1359 legem
628 1275 808 1342 nescierunt
822 1275 1018 1362 sapientiam.
1065 1275 1195 1339 Timeat
1210 1298 1287 1360 ergo

334 1374 483 1461 princeps
503 1377 690 1454 Dominum,
706 1390 738 1443 et
753 1401 786 1442 se
800 1390 949 1465 prompta
963 1376 1145 1443 humilitate
1160 1377 1285 1455 mentis,

335 1488 368 1540 et
379 1479 435 1562 pia
443 1477 639 1542 exhibitione
647 1484 898 1565 operis‚servum
907 1480 1106 1567 profiteatur.
1129 1480 1288 1546 Dominus

335 1580 453 1642 etenim
484 1580 568 1645 servi
598 1580 747 1645 dominus
768 1594 826 1646 est.
883 1582 987 1646 Servit
1008 1581 1119 1666 itaque
1150 1580 1289 1645 Domino

337 1678 496 1768 princeps,
518 1680 596 1746 dum
619 1681 777 1746 conservis
799 1681 876 1762 suis,
906 1682 1041 1748 subditis
1070 1681 1188 1748 scilicet
1218 1683 1289 1763 sibi,

336 1781 476 1848 fideliter
497 1783 602 1848 servit.
648 1782 710 1849 Sed
728 1796 759 1847 et
781 1784 956 1850 Dominum
979 1788 1085 1849 Deum
1109 1806 1176 1849 esse
1191 1805 1288 1869 agno·

335 1896 417 1961 scat,
433 1883 484 1949 cui
498 1906 561 1948 non
582 1885 655 1971 plus
670 1884 791 1949 timoris
805 1909 845 1950 ex
866 1886 1042 1972 majestate,
1061 1908 1162 1971 quam
1175 1885 1291 1950 amoris

338 2007 381 2048 ex
410 1986 529 2072 pietate
559 1985 775 2052 exhibendum
806 2000 866 2052 est.
914 1989 1011 2052 Pater
1037 1987 1152 2052 etenim
1175 2001 1235 2065 est,
1257 2000 1289 2052 et

340 2085 394 2151 cui
402 2087 654 2163 nullacreatura‚
667 2087 768 2173 ipsius
778 2087 914 2152 faciente
920 2090 1044 2166 merito,
1056 2110 1172 2174 negare
1184 2101 1289 2175 potest

339 2188 518 2253 dilectionis
532 2193 691 2255 affectum.
736 2190 771 2258 Si
791 2213 879 2276 ergo,
894 2190 1014 2276 inquit,
1040 2190 1189 2255 domiuus
1208 2213 1291 2267 sum,

339 2291 396 2356 ubi
410 2303 458 2355 est
473 2291 568 2356 timor
578 2314 684 2357 meus:
711 2291 744 2356 Si
758 2307 850 2380 pater
860 2316 943 2373 sum,
959 2293 1016 2357 ubi
1026 2306 1074 2357 est
1084 2313 1173 2356 amor
1182 2296 1292 2358 meus?

339 2393 448 2460 Verba
461 2416 591 2481 quoque
605 2394 685 2481 legis
707 2396 916 2460 custodienda
931 2408 1016 2475 sunt,
1031 2394 1118 2481 quod
1134 2418 1173 2459 ex
1190 2395 1294 2480 primo

339 2495 464 2561 timoris
488 2496 604 2582 gradu,
630 2497 770 2584 quadam
797 2500 889 2585 quasi
912 2499 1071 2564 virtutum
1095 2498 1191 2576 scala,
1209 2497 1294 2562 felici

341 2597 485 2683 procedit
514 2621 652 2664 ascensu.
698 2600 847 2677 Dilectio‚
875 2600 994 2686 inquit,
1024 2599 1120 2677 illius,
1151 2600 1296 2664 custodia

341 2700 450 2786 legum
472 2714 530 2777 eat,
553 2701 632 2786 quia
660 2702 764 2767 omnis
786 2701 941 2789 sapientia
962 2701 1057 2766 timor
1082 2703 1212 2765 Domini
1236 2715 1292 2765 est.

342 2805 443 2866 Porro
459 2803 516 2888 qui
537 2805 628 2869 timet
649 2803 767 2882 Deum,
782 2804 875 2868 faciet
896 2804 990 2882 bona,
1007 2817 1038 2869 et
1062 2805 1118 2891 qui
1134 2806 1297 2871 continens

343 2916 391 2968 est
401 2903 550 2989 justitiae,
570 2906 787 2992 apprehendet
809 2905 907 2985 illam,
922 2918 954 2970 et
975 2907 1118 2973 obviabit
1140 2908 1185 2972 illi
1206 2908 1298 2996 quasi

344 3017 445 3069 mater
474 3005 654 3072 honorifica.
700 3008 763 3073 Sed
787 3032 861 3094 quae
883 3010 990 3085 verba,
1020 3008 1186 3095 diligentia
1209 3022 1298 3075 tanta

345 3107 523 3174 custodiet?
547 3108 671 3195 Utique
681 3133 756 3196 quoe
766 3123 926 3198 praecepta
938 3121 1013 3176 sunt
1023 3112 1056 3175 in
1069 3110 1150 3197 lege,
1159 3124 1196 3176 ut
1210 3112 1297 3198 apud

345 3208 527 3297 Principem
553 3210 619 3274 iota
642 3211 691 3275 rel
706 3234 789 3296 apex
814 3212 894 3297 legis
915 3234 978 3277 non
1001 3212 1094 3278 cadat
1118 3213 1297 3289 interram,

344 3312 434 3397 quod
462 3335 524 3378 non
553 3312 607 3378 ille
636 3313 785 3401 propriis,
819 3314 871 3379 vel
899 3315 1048 3379 manibus
1083 3314 1296 3400 subjectorum

344 3414 492 3496 excipiat.
539 3414 621 3480 Sunt
637 3427 745 3481 autem
759 3428 920 3502 praecepta
934 3416 1096 3502 quaedam,
1111 3428 1297 3502 perpetuam

345 3514 497 3580 habentia
510 3518 738 3598 necessitatem,
752 3518 839 3604 apud
855 3541 964 3583 omnes
975 3531 1086 3604 gentes
1101 3517 1254 3603 legitima,
1266 3530 1299 3582 et

346 3637 420 3699 quae
434 3616 563 3679 omnino
577 3617 709 3701 impunc
723 3619 803 3683 solvi
818 3640 881 3683 non
902 3631 1047 3705 possunt.
1093 3621 1181 3683 Ante
1196 3618 1298 3702 legem

348 3715 500 3800 sublege,
512 3715 573 3779 sub
583 3719 697 3801 gratia,
711 3741 819 3783 omnes
833 3719 886 3783 lex
899 3742 962 3783 una
970 3719 1159 3802 constringit
1171 3744 1179 3783 ι
1204 3718 1300 3792 Quod

347 3818 407 3883 tibi
422 3840 486 3881 non
502 3817 550 3883 vis
563 3819 644 3895 ficri,
661 3819 714 3883 alii
737 3842 777 3885 ne
792 3821 923 3894 feceris3
948 3833 979 3884 et
995 3818 1083 3906 quod
1100 3818 1160 3883 tibi
1176 3819 1223 3883 vis
1231 3819 1300 3884 lieri

347 3919 541 3999 laciendum,
564 3921 623 3986 hoc
645 3920 742 3985 facias
766 3920 846 3985 aliis.
910 3921 1088 3986 Procedant
1115 3942 1200 3985 nunc
1216 3920 1301 3985 deal-

348 4022 475 4089 batores
496 4035 676 4109 potentum,
700 4036 876 4102 susurrent,
906 4035 963 4087 aut
980 4021 1005 4085 si
1027 4023 1087 4088 hoc
1102 4044 1215 4108 parum
1240 4036 1298 4099 est,

349 4123 478 4207 publice
502 4137 724 4212 praeconentur
749 4125 926 4210 principem
956 4146 1019 4188 non
1043 4146 1110 4188 esse
1136 4123 1199 4209 legi
1226 4126 1302 4189 sub-

346 4224 480 4308 jectum,
496 4239 528 4291 et
544 4227 630 4314 quod
645 4227 674 4291 ei
686 4225 802 4314 placet,
815 4248 879 4290 non
891 4226 1027 4291 modoin
1039 4228 1114 4313 jure
1126 4224 1302 4289 secundum

349 4324 483 4390 formam
498 4329 659 4415 aequitatis
673 4327 849 4405 condendo,
871 4328 926 4393 sed
943 4327 1206 4414 qualitercunque
1222 4325 1303 4407 legis

351 4425 469 4491 habere
493 4429 643 4513 vigorem.
696 4435 817 4516 Regem
845 4451 940 4515 quem
965 4428 1044 4515 legia
1069 4428 1205 4493 nexibus
1229 4427 1303 4491 sub·

398 4550 470 4595 von.
486 4550 538 4595 111.
817 4551 840 4597 a
