3575 5575
316 818 387 865 cue.
402 802 471 877 uu]
660 816 914 865 potronamcus.
1229 808 1271 864 63

318 966 412 1032 etiam
429 971 607 1044 sanitatem,
624 980 680 1032 aut
702 968 937 1054 aegritudinem,
955 981 1009 1032 aut
1029 979 1160 1049 statum,
1176 991 1272 1054 quem

319 1068 432 1133 dicunt
455 1070 704 1147 neutralitatem,
727 1070 916 1135 fatalitatem
940 1092 1070 1157 quoque
1092 1070 1204 1155 ipsam,
1231 1093 1271 1133 ex

318 1170 573 1257 proecedeutlbus
584 1172 681 1257 signis
692 1183 880 1258 agnoscunt,
889 1185 921 1237 et
933 1170 1107 1248 interdum,
1120 1175 1147 1236 si
1161 1194 1272 1235 causas

318 1275 476 1349 noverint,
486 1274 699 1339 efficacissime
710 1285 833 1340 curant.
865 1273 898 1337 Si
909 1296 984 1338 vero
995 1273 1042 1352 (ut
1053 1273 1153 1337 verbo
1163 1295 1271 1337 eorum

321 1379 405 1458 utar)
421 1395 531 1438 causas
549 1374 708 1459 ignorant,
724 1374 886 1461 quomodo
903 1378 1042 1439 curant?
1069 1374 1141 1437 Non
1159 1373 1272 1458 utique

321 1476 400 1539 artis
414 1475 577 1555 beneficio,
591 1476 647 1540 sed
663 1477 812 1541 fortunae.
846 1478 870 1539 J
874 1475 1015 1539 udicium
1031 1486 1117 1552 vero,
1129 1474 1216 1560 quod
1233 1497 1287 1547 ex,

322 1575 485 1660 signorum
516 1575 695 1660 cognitione
725 1575 904 1661 proferunt,
934 1576 994 1638 etsi
1024 1573 1162 1651 difficile,
1190 1596 1275 1658 saepe

324 1676 520 1741 verissimum
537 1689 594 1740 est.
640 1675 758 1739 Multis
780 1698 910 1760 quoque
931 1674 1026 1759 signis
1046 1674 1273 1759 tranquillitas,

323 1792 355 1843 et
382 1782 479 1842 variae
506 1789 730 1863 tempestatum
760 1778 873 1841 formae
902 1774 1175 1862 procellarumque
1204 1798 1277 1862 pro·

324 1880 458 1957 duntur,
479 1903 552 1965 quae
575 1879 662 1944 velut
684 1879 717 1942 in
740 1878 867 1966 specula
891 1878 995 1943 Lunae
1017 1878 1104 1943 orbis
1125 1877 1275 1943 insinuat.

326 1982 476 2049 Ostendit
499 2005 635 2068 namque
653 1981 851 2047 rubicundus
873 1980 960 2045 color
982 1994 1105 2058 ventos,
1121 1980 1277 2044 caeruleus

326 2085 462 2172 pluvias,
475 2092 515 2149 ex‘
530 2096 670 2169 utroque
681 2083 873 2148 commixtus
887 2083 1012 2148 nimbos
1027 2082 1157 2159 indicat,
1169 2081 1278 2145 iuren-

327 2197 438 2269 tesque
461 2184 623 2270 procellas.
664 2184 776 2249 Laetus
802 2194 891 2249 ortus
919 2182 1119 2247 serenitatem
1144 2182 1280 2267 navigiis

326 2284 530 2371 repromittit,
551 2308 647 2371 quam
663 2272 774 2369 'gestat
798 2284 902 2362 vultu,
925 2284 1086 2371 praecipue
1112 2283 1138 2347 si
1164 2297 1279 2369 quarto

326 2402 411 2465 ortu,
436 2392 462 2452 is
488 2388 571 2453 enim
597 2400 709 2452 auctor
731 2388 925 2452 certissimus
947 2401 1007 2464 est,
1031 2409 1135 2471 neque
1157 2385 1280 2450 obtusis

328 2489 477 2554 cornibus
499 2490 607 2565 rutila,
623 2510 727 2573 neque
744 2488 851 2551 infuso
873 2487 972 2551 fuerit
993 2490 1126 2551 humore
1144 2485 1278 2550 fuscata.

328 2594 422 2655 Tunc
436 2591 518 2655 enim

433 2705 519 2757 Totus
531 2712 559 2757 et
569 2704 615 2757 ille
627 2706 692 2768 dies,
704 2705 787 2773 etqui
798 2708 935 2755 nascentur
947 2702 1047 2766 abillo,

435 2791 566 2842 Exactum
577 2790 612 2840 ad
623 2806 739 2840 mensem
750 2793 829 2840 vento
839 2785 976 2857 pluviaque
988 2784 1121 2838 carebunt.

333 2892 387 2956 Sol
406 2913 537 2978 quoque
559 2888 695 2953 candens
716 2889 847 2953 interest
870 2899 980 2951 utrum
1003 2885 1181 2972 aequalibus
1202 2910 1279 2972 gau·

332 2994 406 3058 deat
434 2979 542 3068 radiis,
573 3014 613 3054 an
642 2991 767 3076 objecta
793 2991 878 3054 nube
908 2989 1029 3066 rutilet,
1055 2999 1164 3051 utrum
1191 2987 1283 3052 solito

333 3093 500 3183 splendore
517 3091 671 3179 fulgidus,
686 3115 726 3157 an
742 3092 845 3156 ventis
868 3091 1058 3176 urgentibus
1073 3089 1197 3174 igneus,
1212 3090 1283 3153 nive

333 3199 372 3262 sit
388 3195 535 3284 pallidus,
551 3194 716 3279 an'pluvia
732 3193 772 3259 sit
788 3193 990 3281 impendente
1005 3191 1192 3256 maculosus.
1220 3195 1284 3256 Aer

333 3321 418 3378 vero,
433 3309 465 3362 et
480 3318 565 3360 mare
581 3297 683 3382 ipsum
707 3295 908 3378 nubiumque
929 3292 1130 3378 magnitudo,
1145 3292 1196 3355 vel
1216 3314 1285 3377 spe-

332 3397 396 3462 cies
422 3387 595 3482 plurimum
622 3395 760 3459 afferunt
785 3393 1011 3459 instructionis.
1058 3392 1120 3456 Sed
1143 3406 1176 3456 et
1198 3415 1283 3467 aves,

334 3512 367 3562 et
386 3499 499 3583 pisces,
523 3498 707 3562 futurorum
730 3493 905 3560 certissima
925 3493 1067 3580 produnt
1088 3493 1188 3579 signa,
1211 3515 1283 3579 quae

336 3601 488 3686 Virgilius
503 3612 535 3664 et
552 3601 703 3664 Lucanus
717 3597 827 3662 divino
846 3597 1121 3683 comprehendunt
1136 3596 1283 3680 ingenio,

335 3704 390 3768 sed
406 3715 438 3766 et
450 3705 552 3766 Varro
566 3701 599 3764 in
615 3701 703 3765 libris
718 3701 896 3779 navalibus,
909 3699 985 3764 dum
1001 3699 1140 3763 solicitos
1153 3697 1285 3762 instruit

336 3817 459 3872 nautas.

336 3995 415 4081 Cap.
432 4001 463 4058 8.
488 3995 665 4076 Sagittarum
687 3993 753 4054 aliu
776 4011 842 4053 ease
864 3990 1073 4062 universalia,
1095 3990 1161 4051 alia
1181 3991 1286 4071 porti·

433 4098 584 4161 colaria:
606 4102 637 4160 et
651 4093 730 4177 quid
743 4095 904 4176 signifioet
915 4092 1092 4173 geminatio
1106 4092 1201 4166 Solis.

380 4231 459 4306 Qun
475 4231 595 4294 veroin
612 4229 676 4293 sole
691 4240 721 4293 et
738 4227 814 4292 luna
835 4226 1009 4291 secundum
1033 4239 1180 4291 naturam
1196 4227 1288 4312 signa

339 4331 541 4414 contigerint,
563 4331 736 4395 certissima
759 4340 844 4406 sunt,
869 4341 901 4392 et
926 4341 1091 4391 auctorum
1114 4328 1289 4392 multorum

340 4430 519 4496 testimonio
540 4431 755 4515 comprobata.
800 4430 938 4495 “Solem
958 4427 1032 4514 quis
1047 4426 1150 4490 dicere
1171 4427 1286 4492 falsum
