3575 5575
780 810 915 855 Josrutis
931 810 1209 858 saansnnluunsm

494 934 651 1049 ,lsi‘quis
666 968 752 1023 amat
767 980 888 1037 verum,
904 958 962 1025 tibi
977 960 1018 1025 sit
1031 958 1227 1045 gratissimus
1241 963 1366 1053 hospes,

528 1058 554 1123 .·'
572 1061 616 1125 Et
629 1082 725 1149 quem
741 1061 880 1127 delectat
893 1062 994 1147 gloria
1007 1086 1100 1145 vana,
1114 1086 1201 1131 cave.

487 1152 603 1235 ’'J'Jure
618 1174 802 1249 patronatus
815 1162 907 1227 illum
923 1163 1003 1241 cole,
1018 1164 1074 1251 qui
1088 1164 1259 1244 volitasse,

571 1265 614 1331 Et
629 1266 717 1343 sciat,
733 1277 766 1331 at
780 1266 887 1352 possit,
904 1277 990 1331 tutor
1004 1267 1125 1354 ubique
1140 1278 1224 1334 tuus.

529 1367 616 1453 Ergo
630 1379 793 1455 quaeratur
806 1369 861 1433 lux
876 1368 964 1451 cleri,
977 1368 1079 1454 gloria
1092 1370 1198 1453 gentis

570 1470 761 1556 Anglorum,
776 1468 859 1557 regis
873 1470 1016 1553 dextera,
1029 1470 1130 1536 forma
1144 1471 1231 1537 boni.

527 1573 688 1649 Quaesitus
703 1574 792 1658 regni
807 1574 866 1639 tibi
882 1573 1090 1638 cancellarius
1106 1574 1216 1659 Angli,

568 1676 694 1757 Primus
708 1674 843 1741 sollicita
856 1687 966 1740 mente
981 1676 1141 1761 petendus
1154 1675 1226 1740 erit.

524 1779 587 1843 Hic
602 1778 720 1865 estqui
735 1777 825 1863 regni
840 1779 928 1862 leges
942 1778 1099 1843 cancellat
1112 1778 1250 1865 iniquas,

567 1880 612 1945 Et
626 1879 777 1945 mandata
790 1878 835 1964 pii
850 1879 1002 1964 principis
1018 1902 1111 1966 aequa
1126 1878 1212 1944 lacit.

524 1982 558 2047 si
573 1981 651 2069 quid
665 1979 757 2045 obest
769 1980 900 2066 populo,
915 1980 966 2045 vel
981 1980 1123 2046 moribus
1137 1990 1186 2046 eat
1198 1980 1375 2060 inimicum,

565 2084 729 2170 Quicquid
745 2083 778 2147 id
793 2093 850 2160 est,
866 2105 925 2169 per
938 2105 1014 2147 eum
1028 2083 1146 2148 desinit
1158 2105 1226 2150 essa
1241 2106 1369 2151 nocens.

522 2186 657 2253 Publica
672 2184 801 2272 privatis
816 2184 872 2272 qui
886 2184 1017 2271 praefert
1030 2186 1200 2251 commoda
1213 2208 1357 2273 samperr

565 2288 726 2375 Quodque
741 2287 844 2352 datin
859 2287 978 2373 plures,
994 2287 1083 2353 ducit
1097 2287 1131 2351 in
1147 2310 1212 2352 oere
1228 2310 1295 2355 suo.

524 2392 620 2468 Quod
634 2392 690 2456 dat
702 2390 815 2468 habet3
830 2390 917 2476 quod
931 2389 1039 2467 habet,
1050 2388 1155 2476 dignis
1169 2389 1281 2455 donat:
1298 2388 1367 2456 vice
1382 2412 1472 2457 versa

564 2490 708 2577 Spargit3
732 2492 789 2556 sed
804 2512 920 2577 sparsae
936 2491 1189 2577 multiplicantur
1202 2512 1287 2577 opes.

521 2595 630 2682 thue
646 2595 747 2659 virum
765 2593 862 2659 virtus
877 2593 988 2676 animi,
1001 2595 1046 2659 sic
1060 2594 1164 2678 gratia
1177 2597 1300 2677 forme,

561 2696 715 2783 Undique
731 2696 913 2761 mirandum
927 2695 1077 2781 gentibus
1091 2718 1159 2761 esse
1174 2695 1259 2763 facit.

514 2801 640 2866 Tardus
654 2801 696 2865 ad
710 2801 797 2864 huuc
814 2795 941 2865 Samius
956 2800 981 2864 si
997 2810 1099 2865 certet
1113 2799 1262 2866 acumine
1278 2798 1407 2878 mentis,

559 2902 774 2985 Indoctusque
791 2901 893 2976 Plato,
910 2902 1077 2986 Varroque
1092 2901 1207 2967 stultus
1220 2903 1291 2969 erit.

517 3001 615 3068 Curio
630 3001 655 3064 si
671 3010 772 3063 certet
785 2999 900 3079 verbis,
914 2999 1060 3062 vincetur
1074 3000 1115 3062 ab
1129 3000 1216 3083 ips03

560 3103 683 3178 Victus3
698 3100 722 3164 si
740 3110 850 3176 certet,
867 3097 1087 3173 Quintilianus
1101 3098 1172 3163 erit.

516 3206 622 3290 Hujus
637 3225 729 3268 nosse
744 3201 874 3266 domum
891 3222 956 3265 nou
971 3212 1019 3266 est
1034 3221 1084 3265 res
1097 3200 1215 3278 ardun3
1239 3201 1338 3268 cuivis

559 3308 633 3372 Non
647 3305 730 3370 duce
745 3303 888 3390 quaesito,
906 3303 1021 3368 semita
1034 3301 1110 3367 trita
1124 3311 1221 3388 patet.

514 3411 601 3475 Nota
614 3409 727 3474 domus
742 3407 873 3483 cunctis,
889 3405 967 3471 vitio
983 3427 1046 3470 nnn
1062 3405 1190 3490 cognita
1203 3405 1262 3470 soli

556 3511 670 3587 Lucet,
686 3511 727 3574 ab
742 3509 802 3572 hac
816 3507 922 3572 lucem
937 3507 1035 3583 dives,
1051 3530 1181 3593 egenus,
1197 3507 1326 3576 habent.

511 3614 572 3679 llla
587 3624 676 3700 patet
689 3611 821 3688 miseris,
837 3623 927 3697 patet
941 3622 974 3677 et
988 3612 1100 3676 domus
1115 3611 1171 3676 illa
1184 3611 1296 3690 baem

554 3717 619 3781 Hic
633 3722 724 3802 patre
739 3709 866 3778 laetat'ur
880 3713 1003 3779 advena
1017 3714 1152 3801 quisquc
1166 3735 1233 3781 suo.

510 3820 620 3897 Quum
638 3828 775 3884 reserata
790 3816 889 3881 semel
905 3817 1002 3882 fuerit
1015 3817 1073 3882 tibi
1083 3818 1195 3902 janua,
1209 3839 1341 3882 currens

553 3921 607 3985 Ad
623 3921 798 3985 thalamum
814 3919 937 3984 domiui
952 3920 1155 4005 progrediere
1172 3918 1229 3984 tui.

508 4022 667 4107 Exspecta
680 4021 757 4082 dum
772 4020 867 4082 turba
881 4019 972 4094 fluat,
987 4040 1060 4103 quae
1075 4017 1177 4082 fervat
1190 4017 1224 4079 in
1239 4016 1324 4098 aula,

553 4124 712 4208 Fessaque
727 4119 790 4183 sint
804 4118 927 4182 domini
938 4117 1084 4180 membra
1098 4115 1235 4180 fovenda
1249 4128 1329 4181 toro.

513 4223 673 4301 Accedes,
690 4221 815 4287 v'ultum
832 4218 972 4285 mutabis
985 4217 1126 4282 mantica
1141 4239 1244 4301 nugas

551 4325 718 4407 Excutiat;
743 4344 876 4409 peregre
891 4343 977 4387 nunc
992 4320 1179 4406 peregrinus
1193 4326 1255 4384 sat.

501 4432 579 4498 Nou
594 4440 703 4495 tamen
719 4425 877 4502 ostendas,
894 4423 1002 4489 oculos
1016 4423 1103 4509 quod
1116 4420 1268 4508 principis
1283 4434 1364 4505 urat,
