3575 5575
957 325 1155 486 m
1175 352 1436 508 scala
1467 336 1708 489 dalea

351 802 424 846 aar.
440 787 526 866 xm]
713 799 966 846 rourcaarrcos.

455 953 528 1014 Quid
539 956 650 1015 tantum,
663 951 786 1014 Gradive,
798 951 891 1020 paras?
910 965 971 1000 nam
982 948 1053 1000 mitis
1062 949 1091 1000 in
1101 947 1155 1000 alto

454 1036 557 1109 Jupiter
568 1052 659 1089 occasu
669 1035 801 1104 premitur,
813 1033 979 1102 Venerisque
990 1031 1094 1084 salubre

456 1124 534 1176 Sidus
544 1123 632 1185 habat,
645 1128 767 1192 motuque
781 1121 850 1174 celer
863 1119 998 1190 Cyllenius
1010 1121 1110 1184 haeret3

452 1207 489 1260 Et
500 1207 594 1260 coelum
607 1207 681 1258 Mars
693 1207 763 1259 solus
774 1207 865 1258 habet.
885 1205 939 1259 Cur
953 1206 1029 1272 signa
1039 1209 1142 1258 meatus

453 1291 599 1344 Deseruere
610 1307 679 1356 suos,
692 1291 839 1358 mundoque
851 1291 960 1343 obscure
970 1289 1099 1342 feruntur:

452 1373 568 1426 Ensiferi
577 1374 686 1426 nimium
696 1373 782 1440 fulget
792 1373 861 1426 latus
872 1373 1001 1425 Orionis?

452 1458 575 1511 Imminet
586 1475 714 1510 armotiam
725 1457 821 1522 rabies,
832 1457 944 1525 ferrique
955 1463 1082 1530 potestus,

453 1541 601 1595 Confimdet
608 1544 653 1613 jus
666 1560 741 1594 omne
752 1559 844 1594 manu:
863 1542 1004 1610 scelerique
1015 1542 1136 1606 nefando,

453 1625 558 1678 Nomen
571 1627 621 1678 erit
631 1627 719 1690 virtus,
731 1625 876 1694 multosque
889 1627 973 1678 exibit
983 1627 1010 1676 in
1021 1644 1111 1680 annos.

347 1733 432 1794 Ecce
446 1751 486 1792 ex
501 1727 656 1814 qualitate
673 1727 889 1808 Planetarum,
905 1741 937 1792 et
952 1726 1108 1812 positione
1123 1727 1295 1812 signorum,

345 1837 379 1892 et
401 1850 553 1891 concursu
569 1849 755 1906 causarum,
775 1848 873 1912 quam
895 1826 1083 1890 manifestus
1105 1827 1180 1891 belli
1201 1830 1300 1892 inevi-

346 1929 453 1994 tabilis
475 1945 627 2014 sequatur
649 1943 794 1992 eventus.
841 1933 914 1993 Hoc
935 1927 1051 1993 etenim
1075 1928 1116 1992 ad
1137 1929 1214 1994 artis
1234 1943 1298 1994 tra·

346 2029 496 2094 ditionem
513 2028 687 2114 plurimum
703 2040 836 2114 spectet,
854 2041 889 2093 ut
905 2028 945 2092 de
960 2029 1098 2093 naturali
1115 2029 1164 2092 vel
1180 2031 1298 2094 causali

342 2144 466 2210 constet
481 2129 641 2194 domicilio
656 2129 872 2196 Planetarum.
911 2132 1029 2194 Omnes
1044 2130 1201 2216 siquidem
1218 2155 1298 2216 prae-

345 2246 394 2296 ter
409 2233 514 2299 Solem
535 2246 567 2295 et
591 2232 729 2312 Lunam,
744 2233 801 2318 qui
825 2231 882 2296 soli
901 2232 1034 2318 singulis
1049 2233 1188 2296 contenti
1210 2248 1296 2314 sunt,

344 2307 850 2433 duobffsdomfflmffigaudent
852 2337 913 2411 nat
900 2333 996 2423 turali
1020 2332 1137 2397 scilicet
1159 2347 1191 2398 et
1217 2335 1298 2398 acci-

343 2433 473 2498 dentali.
519 2433 674 2496 Naturale
690 2433 821 2519 quidem
841 2433 960 2519 cuique
944 2408 1304 2514 domicilium-ciffi

342 2558 410 2620 quo
435 2535 572 2621 quisque
602 2533 769 2598 creationis
800 2557 865 2597 suaa
892 2535 1086 2619 principium
1117 2535 1243 2611 habuit,
1270 2536 1296 2600 si

345 2649 448 2700 tamen
464 2634 653 2719 genethliaci
669 2635 869 2698 consentiunt
886 2658 939 2697 eos
959 2657 978 2696 a
993 2638 1134 2698 Domino
1149 2658 1215 2699 esse
1230 2660 1296 2700 cre·
1434 2591 1674 2778 fitam

343 2749 422 2800 atos.
468 2739 569 2799 Lunae
467 2757 664 2849 ergo
684 2732 879 2797 domicilium
903 2735 1024 2797 Cancer
1044 2750 1120 2831 est
1121 2737 1185 2797 Leo
1202 2735 1295 2810 Solis,

343 2812 596 2899 Mercurii
523 2837 632 2918 Virgo,
656 2834 751 2897 Libra
772 2836 914 2911 VeneriS,
936 2835 1067 2919 Scorpio
1089 2836 1217 2913 Martis,
1240 2838 1295 2900 Sa·
1353 2650 1694 2921 jalam&

342 2937 491 3023 gittarius
513 2937 618 3012 Jovis,
636 2935 764 3001 Saturni
789 2935 1016 3020 Capricornus,
1032 2948 1064 3001 et
1087 2937 1147 3000 hoc
1168 2950 1295 3001 natura-

341 3040 422 3104 liter.
462 3038 640 3103 Casualiter
655 3061 730 3101 vero
747 3039 885 3100 Saturno
900 3037 985 3102 cedit
1000 3040 1171 3125 Aquarius,
1189 3041 1296 3106 Pisces

341 3142 430 3217 Jovi,
446 3142 526 3203 aries
543 3140 654 3214 Marti,
672 3138 786 3202 Veneri
803 3140 944 3215 Taurus,
959 3140 992 3202 in
1008 3140 1162 3203 Mercurii
1178 3154 1295 3206 sortem

341 3242 460 3327 gemini
475 3240 611 3305 cedunt:
653 3242 746 3305 Luna
763 3261 839 3303 vero
854 3240 1020 3304 commoda
1035 3253 1095 3318 est,
1110 3264 1208 3326 quam
1223 3265 1296 3307 cum

342 3343 413 3409 aliis
435 3343 544 3419 stellis,
567 3324 723 3429 quicquid
745 3341 791 3404 illi
816 3342 971 3426 garriant,
997 3343 1118 3405 creavit
1143 3346 1233 3407 Deus
1260 3358 1295 3411 ut

342 3460 491 3529 praeesset
507 3449 601 3510 nocti.
649 3444 736 3522 Quid
757 3444 840 3507 enim
864 3444 905 3509 de
926 3448 999 3508 Sole
1021 3443 1125 3509 dicam
1147 3445 1203 3531 qui
1226 3447 1297 3512 dux

340 3559 373 3610 et
393 3546 540 3633 princeps
559 3559 617 3623 est,
634 3558 666 3610 et
686 3545 869 3610 moderator
892 3546 1047 3610 luminum
1069 3546 1293 3633 reliquorum?

342 3670 416 3711 eum
443 3647 555 3733 utique
580 3648 825 3711 reclamantibus
851 3648 1002 3711 omnibus
1027 3648 1077 3710 his
1099 3647 1293 3731 planetariis,

342 3772 405 3813 non
423 3749 518 3813 timeo
539 3748 659 3812 bonurn
676 3761 708 3811 et
722 3748 931 3811 necessarium
948 3748 1110 3833 profiteri:
1143 3772 1242 3834 quum
1263 3763 1295 3814 et

339 3850 424 3913 diem
450 3849 633 3913 videntibus
659 3847 781 3911 cunctis
810 3846 960 3921 illustret,
988 3858 1142 3930 temperet
1171 3848 1291 3925 orbem,

340 3952 414 4015 anni
441 3964 584 4038 tempora
608 3948 741 4024 dividat,
767 3947 898 4012 inducat
921 3968 1026 4009 rerum
1050 3946 1293 4030 vicissitudines,

340 4068 372 4119 et
388 4054 449 4118 alia
463 4054 613 4140 plurima,
627 4076 701 4137 quae
715 4072 801 4115 nunc
816 4049 949 4135 longum
965 4062 1012 4113 est
1028 4072 1183 4115 enarrare.
1229 4053 1292 4117 Sed

341 4154 414 4219 licet
433 4157 608 4220 multarum
627 4154 804 4221 utilitatum
826 4152 858 4215 in
880 4175 918 4216 eo
937 4164 970 4215 et
992 4151 1025 4216 iu
1048 4153 1172 4217 caeteris
1192 4176 1294 4219 causae

339 4254 508 4335 resideant,
523 4258 663 4341 ipsorum
686 4269 792 4320 tamen
813 4267 843 4318 et
860 4253 1003 4319 omnium
1018 4278 1093 4340 quae
1107 4267 1192 4318 recte
1207 4270 1293 4336 sunt,

339 4378 405 4419 uua
420 4370 466 4421 est
481 4370 512 4421 et
533 4358 636 4441 prima
657 4380 761 4434 causa,
778 4380 853 4442 quae
876 4356 1033 4423 mundum
1054 4355 1130 4419 fecit
1153 4356 1291 4441 propriae
