3575 5575
342 818 412 863 cae.
428 802 491 877 uc]
680 818 935 864 eotrcaarrcus.
1229 805 1293 864 299

342 969 447 1034 monio
472 967 621 1054 gaudeat.
669 968 730 1033 Sed
755 967 834 1033 dicis
856 969 957 1032 forte:
997 967 1076 1045 Quis
1102 980 1149 1033 est
1175 968 1236 1044 bic,
1259 979 1291 1035 et

341 1070 543 1137 laudabimus
558 1074 657 1134 eum?
695 1070 820 1156 Utique
839 1093 901 1133 nou
924 1092 998 1134 eum
1019 1070 1156 1135 arbitror
1176 1093 1289 1157 expec-

339 1173 472 1236 tandum
498 1171 612 1236 dandis
637 1171 786 1245 consiliis,
808 1172 864 1258 qui
890 1183 1056 1257 peccatum
1083 1195 1144 1237 non
1169 1172 1288 1252 fecerit,

339 1275 393 1339 sed
416 1296 512 1360 quem
536 1297 665 1360 peccare
686 1297 749 1339 non
771 1275 879 1361 juvat,
901 1273 958 1360 qui
983 1286 1147 1360 peccatum
1172 1275 1288 1352 oderit,

341 1380 460 1441 virtute
474 1375 626 1460 gaudeat,
642 1389 674 1439 et
688 1398 758 1458 eam
773 1397 890 1460 magno
905 1375 1063 1438 desiderio
1077 1376 1290 1461 concupiscat,

338 1477 497 1541 bominem
513 1476 631 1541 scilicet
652 1477 745 1540 bouae
766 1475 949 1541 voluntatis.
995 1477 1058 1541 Sed
1073 1498 1131 1540 nec
1145 1477 1233 1541 istud
1248 1475 1290 1540 ad

339 1600 479 1661 unguem
494 1577 701 1641 resecandum
721 1587 779 1650 est,
796 1575 973 1660 benigniori
992 1574 1100 1660 potius
1120 1589 1156 1640 ut
1171 1576 1290 1641 dicitur

339 1677 497 1752 Minerva,
513 1677 570 1762 qui
593 1699 655 1740 uon
678 1676 875 1762 simpliciter,
890 1676 945 1740 sed
967 1674 1101 1740 aliorum
1124 1676 1290 1742 collatione

338 1782 489 1844 innocens
505 1778 660 1843 videatur.
705 1779 785 1855 Quis
807 1780 889 1842 enim
907 1777 1108 1864 gloriabitur,
1125 1800 1157 1842 se
1173 1800 1288 1865 usque-

338 1903 466 1967 quaque
481 1894 603 1946 castum
618 1881 736 1946 babere
750 1903 818 1958 eor,
830 1904 931 1967 quum
946 1894 978 1945 et
993 1893 1078 1944 astra
1090 1882 1210 1945 munda
1224 1904 1288 1947 non

339 1984 456 2046 sintin
479 1995 650 2068 conspectu
673 1982 770 2060 illius,
792 1982 851 2068 qui
876 1981 908 2046 in
932 1981 1052 2066 angelis
1079 1984 1145 2046 suis
1170 1984 1287 2068 reperit

337 2082 550 2167 pravitatem?
574 2082 681 2166 lniqui
691 2105 766 2166 ergo
776 2081 904 2146 arcendi
914 2093 998 2158 sunt,
1009 2081 1138 2166 superbi
1147 2095 1179 2146 et
1188 2084 1286 2162 avari,

338 2197 370 2248 et
399 2187 502 2249 omnis
527 2183 714 2272 hujusmodi
743 2182 842 2269 pestis
867 2181 1042 2248 bominum.
1089 2182 1179 2247 Nihil
1204 2185 1286 2249 enim

335 2287 541 2372 perniciosius
558 2299 606 2352 est
627 2286 737 2372 iniquo
757 2285 866 2351 divitis
881 2285 1070 2351 consiliario.
1117 2287 1224 2365 Omni,
1240 2287 1286 2351 in-

335 2388 416 2472 quit,
431 2388 576 2454 custodia
598 2410 688 2451 serva
710 2409 763 2450 cor
787 2398 893 2464 tuum,
908 2385 1059 2471 quoniam
1078 2408 1120 2450 ex
1135 2385 1204 2470 ipso
1219 2387 1286 2452 vita

335 2489 491 2572 procedit.
552 2491 614 2553 Est
649 2490 758 2573 itaque
789 2487 1023 2572 providendum
1055 2488 1216 2572 potestati,
1246 2511 1285 2553 ne

335 2590 504 2654 consiliarii
533 2591 603 2676 ejus
636 2589 811 2673 indigeant,
841 2609 880 2650 ne
909 2587 1012 2652 aliena
1044 2588 1285 2654 immoderatius

335 2691 568 2776 concupiscant.
612 2690 704 2767 Quod
720 2690 813 2754 etiam
830 2685 870 2753 ad
887 2711 940 2753 eos
955 2710 1055 2773 usque
1070 2691 1285 2774 protenditur,

337 2792 437 2877 quiin
453 2814 583 2877 corpore
599 2791 795 2877 reipublicae,
806 2790 996 2855 interiorum
1011 2790 1156 2855 obtinent
1172 2791 1284 2871 vicem,

337 2915 416 2977 quos
436 2906 611 2977 quaestores
633 2906 665 2957 et
688 2892 996 2969 commentarienses,
1011 2904 1044 2955 et
1059 2914 1164 2956 rerum
1180 2894 1286 2979 priva-

336 3006 442 3057 tarum
458 2995 588 3060 comites
602 3017 669 3059 esse
680 2992 898 3081 praediximus.
937 2995 1019 3074 Haec
1030 2992 1112 3057 enim
1125 2996 1231 3060 omnia
1241 2998 1284 3062 ad

336 3097 514 3161 satietatem
537 3096 707 3161 reficienda
726 3109 813 3174 sunt,
829 3108 861 3162 et
878 3096 959 3161 banc
978 3118 1018 3161 ex
1040 3095 1237 3174 necessitate,
1252 3110 1285 3163 et

336 3220 409 3275 usu,
424 3198 535 3264 habita
549 3199 670 3263 ratione
691 3220 909 3284 personarum,
924 3210 1051 3284 oportet
1071 3196 1283 3282 interpretari.

334 3301 369 3364 Si
390 3298 473 3364 euim
499 3300 680 3365 reficiantur
704 3299 841 3378 avidius,
864 3314 896 3365 et
922 3300 1027 3364 minus
1052 3298 1207 3383 digerant,
1231 3322 1284 3383 ge-

334 3415 444 3466 nerant
461 3403 598 3483 morbos,
612 3416 667 3467 aut
684 3402 883 3479 incurabiles,
899 3417 956 3467 aut
972 3400 1124 3467 difficiles.
1163 3398 1284 3487 lmpos-

334 3502 424 3565 sibile
440 3504 596 3589 siquidem
612 3519 670 3580 est,
687 3500 879 3591 quemquam
891 3503 1050 3593 justitiam
1067 3515 1098 3568 et
1113 3502 1281 3588 pecuniam

334 3603 433 3688 sequi.
478 3607 549 3668 Aut
564 3606 646 3668 enim
663 3610 717 3670 uni
739 3609 871 3671 istorum
893 3607 1032 3693 quilibet
1046 3605 1234 3680 adhaerebit,
1250 3614 1283 3667 et

334 3704 469 3768 alterum
492 3716 682 3783 contemnet,
703 3719 759 3769 aut
782 3708 988 3791 torquebitur
1012 3706 1122 3785 altero,
1145 3703 1283 3768 melioris

332 3827 455 3891 expers.
501 3808 612 3869 Avaro
637 3827 786 3889 namque,
814 3818 893 3871 teste
919 3806 1085 3891 sapientia,
1112 3802 1191 3866 nibil
1217 3826 1281 3868 sce-

333 4009 415 4073 enim
440 4009 576 4072 animam
603 4014 691 4072 suam
718 4006 858 4072 venalem
886 4007 993 4084 habet,
1021 4018 1053 4070 et
1078 4006 1110 4069 in
1137 4004 1204 4070 rita
1226 4028 1284 4071 sua

333 4110 466 4196 projecit
492 4103 612 4175 intima
631 4131 698 4172 sua.
743 4112 789 4174 Et
814 4110 897 4173 forte
919 4109 992 4173 ideo
1013 4120 1115 4174 crates
1136 4108 1284 4194 pectoris,

334 4222 557 4299 costarumque
572 4212 776 4293 soliditatem,
787 4225 819 4277 et
834 4223 985 4278 extremae
1001 4212 1084 4276 cutis
1099 4212 1284 4290 claustrum,

335 4323 451 4377 natura
473 4312 715 4397 diligentissima
729 4309 852 4398 paiens,
870 4314 1099 4400 circumposuit
1116 4312 1284 4389 intestinis,

334 4414 398 4479 duo
425 4413 578 4478 adversus
603 4436 729 4479 omnem
755 4416 944 4483 exteriorem
967 4414 1148 4481 violentiam
1174 4414 1284 4479 tierent
