3575 5575
499 804 562 861 274
755 815 892 860 Joauurs
907 813 1183 858 smasnnarnnsrs
1325 797 1407 876 [nis.
1424 814 1454 858 v.

500 966 653 1031 Nicolaus
665 979 782 1053 quarta
796 978 828 1031 et
844 975 934 1031 sexta
948 963 1028 1031 feria
1042 964 1137 1032 semel
1152 963 1284 1043 lactens,
1297 963 1331 1027 in
1347 963 1452 1031 cunis:

501 1087 557 1136 aut
565 1071 688 1136 meritis
696 1070 857 1155 exgratiu,
868 1081 906 1135 ut
917 1068 973 1155 qui
982 1067 1067 1132 facili
1079 1068 1130 1132 via
1143 1070 1297 1134 bonorum
1308 1090 1454 1154 opernm,

502 1172 582 1237 siout
607 1176 766 1259 poenitens
793 1171 888 1244 latro,
914 1171 964 1234 vel
989 1168 1109 1234 difficili
1138 1183 1171 1235 et
1200 1169 1286 1236 felici
1316 1169 1453 1236 transitu

500 1287 662 1340 merentur
675 1297 774 1359 regna
788 1273 952 1350 coelorum,
968 1270 1056 1337 velut
1073 1270 1304 1358 Apostolorum
1324 1271 1453 1348 chorus,

500 1387 533 1440 et
548 1379 742 1462 Martyrum.
777 1378 850 1440 Hos
862 1384 970 1438 autem
986 1383 1051 1437 tres
1065 1371 1192 1438 ordines
1205 1373 1312 1438 innuit
1327 1376 1433 1452 Maro,

781 1523 879 1578 Facilis
889 1523 1030 1576 descensus
1042 1522 1151 1584 Averni,

606 1611 707 1665 Noctes
717 1617 796 1682 atque
808 1613 865 1665 dies
875 1616 950 1683 patet
960 1612 1010 1664 atri
1017 1613 1100 1684 janua
1111 1611 1196 1664 Ditis:

606 1697 660 1750 Sed
670 1713 789 1750 revocare
799 1697 918 1766 gradum,
931 1713 1087 1769 superasque
1100 1697 1209 1750 evadere
1221 1695 1255 1748 ad
1266 1713 1352 1760 amas,

607 1784 668 1838 Hoc
678 1801 750 1856 opus,
762 1785 805 1837 hic
815 1784 889 1838 labor
901 1788 954 1836 est:
971 1783 1055 1854 ponci,
1068 1799 1131 1851 quos
1142 1799 1232 1852 aequus
1243 1783 1339 1836 amant

606 1869 717 1939 Jupiter,
729 1875 774 1922 ant
784 1870 878 1923 ardens
888 1871 978 1923 evexit
989 1869 1023 1922 ad
1034 1868 1134 1922 oethera
1145 1868 1235 1934 virtus,

606 1956 667 2008 Diis
676 1957 759 2024 geniti
769 1961 885 2026 potuere.

501 2094 591 2166 Quos
604 2112 681 2175 ergo
699 2113 821 2156 morum
836 2090 993 2176 elegantia
1012 2089 1131 2155 divinae
1152 2089 1297 2154 videmus
1315 2089 1451 2156 bonitati

500 2193 688 2269 conformes,
703 2193 856 2258 debemus
876 2206 1028 2279 tanquam
1043 2193 1239 2258 verissimam
1261 2205 1294 2258 et
1308 2191 1451 2257 fidelissi·

500 2317 585 2360 mam
610 2295 695 2360 Dei·
702 2295 872 2378 imaginem
896 2295 1048 2359 venerari.
1094 2294 1236 2360 Ministri
1262 2316 1338 2358 vero
1366 2307 1452 2373 sunt,

500 2418 582 2483 quos
596 2396 761 2485 dispositio
775 2397 883 2464 divina
897 2397 1032 2478 vocavit,
1043 2409 1080 2463 nt
1095 2395 1294 2483 corripiendo
1307 2408 1340 2461 et
1355 2395 1452 2460 corri-

500 2499 606 2583 gendo
628 2499 717 2579 vitia,
730 2511 786 2565 ant
810 2500 945 2566 virtutes
962 2499 1139 2575 inserendo,
1154 2511 1212 2564 aut
1233 2498 1452 2586 propagando,

501 2620 590 2662 suom
605 2610 638 2664 et
657 2597 793 2663 aliorum
812 2610 984 2685 procurent
1008 2597 1152 2664 salutem.
1199 2598 1263 2674 Qui
1281 2620 1357 2662 vero
1375 2596 1402 2660 ei
1419 2595 1451 2660 in

496 2700 570 2786 jure
586 2699 725 2764 humano
743 2701 936 2778 ministrant,
952 2712 1043 2766 tanto
1059 2699 1223 2763 inferiores
1237 2711 1312 2763 sunt
1332 2699 1382 2762 his
1396 2697 1452 2783 qui

500 2802 681 2869 ministrant
695 2802 727 2867 io
743 2803 862 2881 divino,
874 2815 1033 2889 quantum
1044 2801 1161 2867 divinis
1174 2802 1313 2867 humana
1323 2800 1450 2868 cedunt.

503 3152 582 3241 Cap.
599 3160 628 3220 5.
654 3156 733 3228 Qua
745 3174 844 3238 poeno
858 3158 1027 3219 immineat
1043 3157 1103 3235 liis,
1116 3159 1174 3240 qui
1187 3158 1346 3221 ministris
1359 3158 1452 3220 eccle·

544 3258 597 3319 sie
618 3257 820 3339 locorumque
843 3258 1085 3336 uenerabilium,
1108 3259 1252 3342 injurias
1279 3260 1448 3341 instrunt:

544 3368 576 3422 et
605 3358 643 3421 de
668 3360 847 3441 privilegiis
871 3359 1009 3422 locorum
1032 3360 1278 3423 uenerabilium:
1311 3366 1343 3423 et
1366 3362 1453 3441 quod

543 3460 698 3523 absolutio
712 3480 770 3523 nec
780 3462 918 3542 pervim
933 3464 1122 3542 eoroqeert,
1138 3482 1197 3526 nec
1210 3463 1332 3544 surripi
1348 3468 1453 3546 potent

542 3563 776 3646 perfraudern

545 3715 586 3779 ΙΝ
600 3711 650 3780 his
664 3725 771 3783 autem
787 3712 844 3798 qui
854 3714 931 3800 jura
945 3712 1056 3785 divina
1069 3712 1262 3793 ministrant,
1279 3716 1368 3783 Dens
1382 3738 1450 3800 praa

500 3814 622 3884 caeteris
633 3814 806 3883 honoratur
820 3830 877 3881 aut
890 3814 1072 3902 spernitur,
1096 3836 1197 3900 quum
1211 3815 1339 3885 illorum
1354 3817 1452 3883 hono-

499 3937 578 3993 rem,
599 3929 655 3981 aut
678 3931 896 4002 contemptum
918 3914 1085 4004 proprium
1107 3930 1244 4001 reputet.
1290 3920 1378 3983 Hinc
1403 3930 1450 3983 est

501 4013 598 4080 illud:
626 4018 700 4100 Ego
715 4019 783 4084 dixi
800 4019 855 4083 Dii
870 4019 953 4084 estis.
989 4020 1035 4083 Et
1057 4018 1142 4084 labia
1157 4017 1327 4085 sacerdotis
1342 4031 1451 4083 custo·

500 4112 592 4179 diunt
609 4116 781 4190 scientiam,
798 4130 831 4183 et
847 4117 948 4204 legem
969 4122 1139 4205 requirunt
1155 4144 1194 4185 ex
1209 4142 1264 4185 ore
1278 4120 1358 4205 ejus,
1373 4118 1451 4204 quia

499 4214 632 4301 angelus
647 4213 779 4283 Domini
793 4218 991 4285 exercituum
1007 4232 1067 4288 est.
1102 4221 1179 4307 Ipsa
1194 4242 1323 4307 quoquc
1334 4219 1450 4287 veritas

499 4318 565 4383 ait:
598 4318 662 4396 Qui
684 4340 740 4382 vos
759 4318 863 4396 audit,
879 4344 929 4389 me
951 4320 1061 4389 audit:
1097 4322 1153 4408 qui
1175 4346 1231 4392 vos
1253 4320 1376 4407 recipit,
1399 4343 1450 4387 me

497 4419 619 4508 recipit,
633 4432 665 4485 et
682 4420 737 4506 qui
753 4444 808 4486 vos
824 4424 957 4507 spernit,
973 4423 1094 4508 spernit
1110 4446 1182 4488 curn
1206 4424 1263 4509 qui
1279 4446 1330 4491 me
1345 4422 1450 4488 misit:
