3575 5575
503 804 566 861 ute
751 811 887 857 somnus
902 809 1181 856 sannsunnransrs
1328 790 1410 870 [tm.
1425 809 1455 854 v.

504 985 586 1051 quas
601 965 633 1027 in
648 960 725 1027 orbe
740 975 771 1026 et
786 963 865 1028 urbe
880 959 995 1047 passim
1011 960 1119 1037 habet,
1135 981 1246 1044 rupem
1263 959 1357 1024 etiem
1375 962 1456 1025 Tar-

504 1066 606 1152 peiam
619 1064 833 1148 occupaverit,
846 1082 996 1147 supremo
1008 1063 1029 1124 J
1032 1062 1083 1124 ovi
1092 1075 1266 1147 coaequata,
1276 1075 1308 1126 et
1319 1062 1457 1148 publicae
1502 1127 1504 1132 ,

504 1169 642 1233 fortunoe
653 1169 760 1251 imago
771 1187 867 1229 aurea
879 1164 910 1227 in
924 1163 1085 1249 Capitolio
1096 1163 1137 1227 ab
1146 1163 1287 1239 advenis,
1299 1163 1456 1238 convenis,

505 1284 538 1337 et
557 1269 725 1354 indigenis,
741 1266 868 1354 publice
887 1265 1050 1346 adoretur,
1064 1277 1096 1330 et
1115 1275 1236 1329 tantam
1252 1287 1319 1351 prae
1336 1266 1458 1331 caeteris

505 1372 603 1438 habet
624 1368 857 1442 auctoritatem,
874 1367 960 1453 quod
984 1367 1016 1430 in
1039 1378 1108 1432 tota
1130 1367 1251 1432 ratione
1273 1367 1454 1431 mortalium

507 1476 555 1552 (nt
570 1472 634 1538 dici
649 1470 739 1551 solet)
752 1470 817 1533 sola
832 1484 1003 1556 utramque
1014 1469 1161 1555 paginam
1178 1468 1305 1534 videtur
1317 1468 1457 1554 implere.

506 1575 624 1642 Videas
638 1596 705 1639 earn
718 1572 763 1636 ibi
778 1582 848 1636 rota
860 1592 985 1635 versare
996 1569 1180 1646 volubilem,
1191 1571 1344 1657 quodque
1355 1572 1457 1657 magis

506 1677 632 1753 mirere,
647 1673 789 1761 ejusdem
805 1685 886 1738 rotae
906 1672 1044 1757 impulsu
1063 1672 1102 1735 de
1122 1685 1249 1757 pectore
1265 1673 1358 1738 Jovis
1373 1695 1457 1737 soro·

507 1803 578 1846 rum
600 1801 697 1865 pensa
716 1776 909 1864 praecipitat,
932 1787 964 1839 et
986 1774 1162 1840 conculcet.
1190 1775 1352 1862 vQuisquis
1374 1777 1457 1841 enim

505 1882 668 1950 fortunam
685 1879 809 1959 statuit,
823 1877 889 1942 fata
904 1876 1092 1962 praecipitat,
1108 1887 1140 1942 et
1155 1877 1314 1942 convellit.

613 2044 681 2096 Feta
689 2044 789 2112 (inquit
798 2042 915 2112 Stoicus)
924 2047 1018 2109 regunt
1029 2041 1245 2107 homiues,fatum
1254 2049 1294 2096 est
1305 2045 1332 2096 in
1343 2045 1458 2114 portibus

612 2213 688 2276 Quas
698 2127 926 2266 diunisibscondit.

508 2367 596 2432 Huic
606 2365 776 2453 paradoxoe
786 2365 976 2444 Stoicorum,
988 2365 1071 2452 κυρία
1080 2364 1147 2444 δόξα
1156 2365 1289 2452 Epicuri
1298 2365 1457 2432 reclamat.

509 2468 665 2545 Fatalem,
679 2467 797 2552 inquit,
813 2467 889 2532 tolle
904 2473 1135 2550 necessitatem,
1151 2468 1236 2554 qnia,

613 2633 642 2686 Si
652 2632 755 2686 fortuna
765 2633 843 2698 volet,
854 2633 905 2687 fles
916 2635 949 2688 de
960 2635 1062 2688 rhetore
1075 2635 1188 2700 Consul;

613 2720 643 2772 Si
654 2719 724 2774 volet
734 2720 791 2774 haec
801 2721 903 2785 eadem,
915 2720 964 2775 fies
976 2722 1009 2774 de
1022 2721 1135 2776 Consule
1146 2723 1242 2776 rhetor.

512 2891 671 2954 Caeterum
701 2900 738 2952 ut
766 2912 841 2953 cum
870 2889 1002 2955 fortuna
1031 2889 1081 2953 vel
1110 2890 1220 2955 mitius
1248 2913 1392 2976 agamus,
1422 2890 1461 2955 sit

511 2991 746 3076 inopinatorum
776 3004 947 3055 eventuum
982 2993 1096 3071 forma,
1126 3005 1158 3056 et
1188 2991 1261 3057 licet
1290 2989 1462 3056 conditioni

510 3092 657 3157 videatur
671 3091 846 3178 plurimum
862 3090 1002 3173 vicinari,
1013 3114 1050 3155 eo
1065 3091 1152 3177 quod
1168 3092 1373 3158 fortuitorum
1390 3112 1463 3155 con-

509 3217 622 3261 cursus
633 3207 751 3260 stetum
766 3194 891 3274 efficiat,
902 3216 1000 3283 quam
1011 3194 1222 3259 conditionem
1234 3218 1301 3259 esse
1311 3192 1462 3281 praedixi·

510 3319 591 3372 mus,
613 3298 646 3361 in
669 3320 707 3360 eo
731 3310 837 3361 tamen
862 3296 1039 3382 plurimum
1065 3294 1184 3375 differt,
1209 3295 1294 3382 quod
1321 3294 1462 3359 conditio

512 3419 595 3461 nunc
614 3420 633 3460 a
652 3409 776 3474 natura,
794 3420 879 3461 nunc
901 3397 943 3461 ab
962 3396 1075 3478 officio,
1091 3419 1176 3463 nunc
1197 3420 1216 3462 a
1237 3396 1380 3461 moribus
1401 3408 1462 3475 est,

510 3522 595 3564 nunc
610 3498 738 3563 averiis
753 3498 863 3583 figuris
878 3512 1061 3566 eventuum.
1093 3502 1238 3565 Fortuna
1252 3521 1376 3585 semper
1390 3520 1463 3563 con·

511 3602 593 3668 sistit
608 3601 640 3666 in
663 3600 714 3665 his
728 3624 802 3689 quoe
824 3601 997 3686 improvisa
1019 3616 1196 3688 emergunt.
1241 3603 1322 3667 Eam
1347 3623 1463 3687 usque·

510 3726 639 3792 quaque
658 3703 772 3769 nititur
786 3726 939 3768 evacuare
961 3705 1167 3784 Plutarchus,
1181 3720 1213 3771 et
1232 3727 1271 3771 ex
1293 3704 1463 3791 praemissis

510 3820 650 3892 quatuor
679 3805 766 3883 locis,
797 3816 933 3882 naturae,
963 3804 1069 3884 officii,
1086 3828 1233 3882 morum,
1263 3804 1464 3883 conditionis,

510 3910 606 3974 totius
621 3914 805 3975 reverentiae
826 3928 953 3973 manare
973 3910 1073 3974 credit
1094 3909 1260 3995 originem.
1306 3908 1463 3995 Supersti-

511 4008 621 4072 tiosius
642 4022 746 4075 tamen
762 4010 822 4074 hoc
841 4010 1017 4074 infidelium
1035 4033 1121 4074 more
1141 4011 1324 4098 exequitur.
1371 4009 1464 4075 Unde

510 4111 676 4175 nonnullas
694 4113 866 4176 sententias
885 4114 966 4198 ejus,
982 4136 1074 4178 sensu
1099 4126 1130 4179 et
1147 4136 1288 4177 sermone
1310 4109 1466 4176 catholico

515 4210 623 4275 curavi
639 4211 784 4276 inserere.
831 4212 891 4275 llle
914 4213 1042 4297 quidem
1060 4214 1090 4276 in
1114 4214 1237 4278 cultum
1262 4215 1393 4277 deorum
1416 4233 1469 4273 eos

512 4313 670 4401 praecipue
697 4313 806 4378 asserit
837 4315 1042 4392 venerandos
1070 4315 1125 4402 qui
1156 4318 1184 4380 ei
1215 4314 1404 4378 familiarius
1422 4325 1465 4374 -et

511 4414 643 4479 vicinius
665 4414 832 4480 accedunt.
878 4416 946 4480 Aut
974 4429 1099 4493 natura,
1124 4430 1161 4481 ut
1185 4415 1283 4482 Liber
1309 4414 1462 4478 Indorum
