3575 5575
192 158 426 285 hemico
917 208 1296 455 ww

807 446 1017 635 Ab
988 388 1380 632 meacm—ml

351 759 460 837 raon]
575 788 581 797 ·
705 782 956 831 rosrcmrrcus.
1262 775 1300 833 13

350 948 527 1007 ascensum,
550 943 644 1014 prout
666 956 847 1019 quenquam
875 937 1040 1015 monuisti,
1060 959 1127 1001 non
1150 939 1301 1005 ascendo,

348 1031 454 1102 Quare
463 1033 637 1116 majoribus
648 1058 699 1099 me
711 1058 777 1099 non
789 1038 897 1121 ingero
909 1040 1017 1117 curiis,
1027 1060 1125 1123 quum
1137 1040 1195 1103 tihi
1207 1042 1303 1105 etiam

348 1132 499 1195 Isocratis
528 1155 736 1218 responsurus
762 1159 833 1201 sum
858 1140 973 1202 verbo:
1008 1142 1064 1224 qui
1090 1142 1303 1223 interrogatus

348 1232 388 1294 ab
401 1233 522 1310 amicis,
534 1256 630 1320 quare
641 1259 705 1300 non
722 1238 755 1301 in
771 1238 950 1303 forensibus
961 1239 1106 1323 negociis
1118 1254 1304 1321 ιιιιιιιιοῐιιι,

348 1336 533 1416 respondit;
560 1338 641 1409 Quae
663 1340 756 1404 locus
777 1341 831 1403 hic
855 1344 961 1422 callet,
984 1365 1044 1425 ego
1072 1345 1203 1421 nescio;
1230 1366 1303 1428 quae

349 1458 409 1519 ego
434 1441 546 1515 calleo,
569 1442 660 1504 locus
684 1441 737 1505 hic
764 1444 877 1508 nescit
923 1446 996 1535 Ego
1018 1446 1102 1508 enim
1130 1456 1318 1530 contemno

342 1560 421 1641 quae
443 1540 490 1601 illi
512 1541 609 1603 aulici
625 1543 787 1637 ambiunt,
800 1555 833 1607 et
830 1567 931 1645 quae
938 1567 1019 1649 ego
1022 1547 1134 1646 ambio
1156 1547 1203 1608 illi
1226 1569 1301 1609 ιιοιι·

348 1631 529 1702 ῐειιιιιιιιιιι.ψ
531 1622 703 1705 ΜμΜίιιιιι
704 1627 815 1724 magis
844 1666 941 1728 quare
956 1634 1045 1707 ιιοιι
1047 1627 1220 1727 praecido,
1249 1657 1304 1709 aut

303 1714 647 1823 minuam,
623 1764 650 1804 sr
672 1744 751 1807 alias
777 1744 856 1805 solii
877 1766 942 1807 non
969 1754 1088 1827 potest,
1111 1745 1167 1828 qui
1193 1766 1245 1808 me
1268 1745 1301 1809 in

349 1842 521 1906 curialibus
536 1846 629 1938 nu's
652 1844 771 1909 tamdiu
794 1847 906 1925 tenuit,
922 1858 954 1910 et
975 1857 1063 1910 tenet
1082 1847 1188 1912 adhuc
1204 1857 1301 1913 tantae

347 1943 525 2006 obnoxium
548 1948 700 2010 servituti.
744 1948 817 2011 Jam
834 1948 922 2011 enim
942 1948 1035 2012 annis
1050 1950 1114 2012 sere
1130 1948 1302 2012 duodecim

348 2056 504 2127 nugatum
519 2070 588 2111 esse
603 2047 711 2127 taedet,
725 2059 757 2112 et
771 2050 907 2131 poenitet
928 2071 979 2113 me
994 2052 1089 2132 longe
1105 2051 1196 2113 aliter
1210 2051 1300 2113 insti-

269 2172 273 2178 ·
350 2154 464 2221 tutum,
481 2158 512 2212 et
526 2152 616 2234 quasi
631 2151 810 2221 sacratioris
826 2151 1038 2235 philosophiae
1053 2153 1206 2215 lactatum
1223 2152 1302 2216 ube·

347 2247 447 2323 ribus,
469 2251 727 2335 ablactatumque
758 2250 908 2314 decuerat
933 2250 975 2314 ad
1005 2251 1299 2334 philosophantium

348 2350 497 2413 transisse
520 2363 648 2426 coetum,
665 2374 761 2467 quarn
784 2350 825 2416 ad
849 2351 987 2433 collegia
1009 2362 1211 2432 nugatorum
1255 2353 1347 2415 Et

349 2462 379 2512 te
405 2451 535 2534 quidem
558 2453 659 2515 sentio
682 2454 715 2515 in
739 2453 851 2516 eadem
879 2451 1064 2515 conditione
1088 2452 1216 2529 versari,
1238 2454 1302 2515 nisi

350 2552 424 2635 quia
446 2553 561 2615 rectior
576 2566 608 2617 et
622 2553 819 2635 prudentior,
835 2553 862 2615 si
878 2553 957 2616 facis
973 2553 1059 2636 quod
1074 2552 1220 2635 expedit,
1236 2563 1303 2617 stas

350 2672 474 2736 semper
495 2654 646 2717 immotus
668 2655 701 2716 in
725 2653 837 2716 solidae
857 2654 981 2716 virtutis
1002 2652 1219 2729 fundamento,
1241 2675 1301 2719 nec

349 2752 478 2832 agitaris
504 2752 843 2843 Qutldlsseffllelllalsss
866 2750 1137 2840 model-itia&
1169 2752 1305 2839 sommis

350 2852 470 2927 mollia,
483 2852 540 2914 sed
556 2853 629 2934 ipsi,
638 2873 708 2935 quae
720 2850 840 2915 mundo
855 2852 1002 2933 imperat,
1011 2851 1149 2934 imperas
1161 2852 1301 2916 vanitati.

350 2939 1109 3038 Uh‘d‘e‘quumtibidiversaeprovinciaecongestis
1118 2953 1300 3017 meritarum

348 3054 478 3118 laudum
494 3056 674 3138 praeconiis,
689 3056 781 3140 quasi
795 3077 904 3119 arcum
920 3057 1044 3138 erigant
1058 3054 1300 3137 triumphalem:

349 3175 409 3235 ego
419 3155 465 3218 vir
474 3155 619 3236 plebeius
634 3155 785 3219 stridente
795 3155 903 3219 fistula
918 3154 1033 3217 inculti
1043 3154 1173 3237 eloquii,
1183 3154 1301 3218 librum

347 3257 434 3319 hunc
465 3254 506 3318 ad
535 3255 687 3319 honorem
709 3268 818 3346 tuum,
845 3259 931 3320 velut
956 3257 1102 3339 lapillum
1126 3257 1161 3318 in
1186 3276 1301 3319 acervo

346 3357 581 3440 proeconiorum
598 3369 724 3420 tuorum
740 3343 884 3442 conjeci3
908 3357 1014 3420 sciens
1030 3357 1107 3441 quia
1129 3357 1213 3421 sicut
1234 3378 1301 3421 non

347 3459 455 3536 habet,
474 3459 560 3521 unde
583 3460 709 3543 placeat
731 3481 774 3523 ex
796 3470 974 3539 venustate,
994 3460 1041 3523 sic
1064 3481 1106 3523 ex
1129 3459 1301 3524 devotione

347 3562 516 3625 scribentis
539 3583 603 3625 non
626 3563 744 3646 poterit
766 3562 947 3646 displicere.
993 3564 1105 3644 Nugas
1127 3584 1185 3646 pro
1208 3573 1299 3646 parte

347 3663 491 3726 continet
506 3663 652 3740 curiales,
667 3674 699 3725 et
713 3664 765 3726 his
783 3665 886 3746 magis
901 3664 1020 3726 insistit
1036 3665 1154 3745 quibus
1169 3675 1299 3744 urgetur

347 3764 459 3844 magis.
504 3763 567 3825 Pro
589 3771 679 3845 parte
702 3773 806 3826 autem
824 3775 966 3826 versatur
980 3763 1012 3823 in
1029 3763 1171 3844 vestigiis
1195 3762 1300 3845 philo·

348 3866 542 3950 sophorum3
576 3862 655 3947 quid
677 3863 712 3925 in
734 3863 867 3943 singulis
889 3859 1076 3943 fugiendum
1098 3861 1151 3936 sit,
1173 3872 1230 3925 aut
1250 3885 1300 3926 se-

349 3964 522 4049 quendum,
538 3965 722 4047 relinquens
740 3963 870 4026 arbitrio
894 3962 1060 4045 sapientis·
1104 3963 1149 4027 Et
1168 3965 1300 4047 quiana

348 4065 469 4129 taedane
502 4066 652 4149 aliquem,
681 4085 755 4127 eum
790 4063 931 4147 oportuit
965 4063 1139 4140 conveniri,
1167 4065 1201 4126 in
1237 4087 1301 4149 quo

348 4167 432 4228 nihil
456 4166 658 4248 nugatorium
687 4165 790 4248 possit
815 4165 922 4246 argui:
962 4174 992 4226 te
1018 4165 1152 4227 virorum
1184 4178 1300 4232 nostrae

352 4267 453 4328 aetatis
490 4267 760 4348 elegantissimum
791 4265 918 4329 decrevi
956 4268 1137 4345 convenire,
1166 4279 1198 4331 et
1229 4291 1301 4351 quoe

351 4364 498 4428 ridentur
512 4367 544 4428 in
566 4367 629 4429 mei
652 4367 809 4430 similibus
830 4367 992 4450 arguenda
1012 4367 1201 4430 describere.
1246 4369 1301 4432 Sic

1345 2407 1360 2487 ι
