3575 5575
342 815 414 862 car.
430 798 490 877 v1.]
713 813 970 860 ronrcaarrous.
1230 802 1290 861 281

343 965 550 1030 Exteriorum
572 986 710 1051 namque
731 964 846 1030 notitia
871 963 954 1028 oculi
975 975 1006 1027 et
1031 963 1116 1028 auris
1138 966 1292 1051 obsequio

343 1066 522 1132 fidelissime
537 1067 650 1132 transit
665 1066 707 1130 ad
723 1066 870 1141 animam,
886 1078 918 1131 et
934 1066 1096 1132 thesauros
1115 1067 1219 1133 cordis
1234 1091 1292 1132 sae·

342 1168 417 1254 pius
432 1168 542 1254 lingua
556 1169 685 1233 incauta
699 1166 866 1254 dispergit.
911 1168 1003 1244 Quod
1021 1191 1096 1232 vero
1115 1169 1246 1236 audiens
1260 1182 1293 1236 et

345 1269 456 1334 ridens
484 1269 613 1355 adjecit,
643 1269 794 1355 sapientis
818 1267 979 1354 judicium
1008 1271 1171 1356 exprimit,
1196 1271 1294 1356 juxta

342 1370 444 1436 illud:
474 1370 594 1436 Beatus
614 1371 670 1457 qui
692 1370 836 1456 loquitur
855 1370 887 1432 in
909 1392 986 1434 aure
1005 1371 1173 1437 audientis.
1219 1373 1294 1436 Non

344 1473 455 1559 itaque
471 1473 685 1537 beatificatum
703 1494 735 1536 se
749 1471 828 1535 dicit
845 1471 962 1557 linguis
981 1471 1155 1549 bominum,
1171 1496 1246 1559 quae
1260 1474 1294 1537 in

345 1575 532 1640 alterutram
552 1586 676 1661 partem
689 1573 738 1637 vei
754 1595 872 1652 amore,
886 1573 938 1636 vel
952 1573 1026 1638 odio
1040 1574 1223 1660 frequenter
1236 1575 1295 1638 im-

345 1676 519 1763 pelluntur.
544 1675 708 1741 Sufficitei
720 1674 1296 1762 testimoniumconscientiae,praeser-

347 1781 404 1843 tim
415 1800 515 1864 quum
524 1778 708 1842 roboratum
719 1779 760 1842 sit
766 1776 891 1862 judicio
901 1776 1088 1863 sapientum.
1111 1776 1295 1863 Eo,inquit,

346 1879 433 1965 quod
446 1879 625 1943 liberassem
641 1899 826 1965 pauperem,
835 1878 1008 1964 pupillum,
1019 1888 1051 1942 et
1060 1878 1252 1966 periturum,
1262 1890 1295 1944 et

346 1981 527 2046 consolatus
536 2004 606 2046 sum
616 2004 670 2046 cor
682 1980 797 2046 viduae.
823 1981 863 2044 In
875 1980 926 2045 his
937 1981 1021 2046 enim
1032 1982 1170 2048 maxime
1180 1982 1298 2068 princi-

347 2082 428 2169 palis
441 2082 539 2146 claret
554 2083 741 2160 auctoritas,
750 2105 825 2168 quoe
840 2105 860 2145 a
874 2083 1014 2148 Domino
1024 2083 1173 2148 instituta
1180 2101 1240 2161 est,
1254 2083 1298 2148 ad

347 2185 479 2271 injurias
499 2183 740 2270 propulsandas.
786 2188 869 2249 Haec
891 2184 1020 2271 quidem
1035 2208 1132 2272 opera
1149 2198 1224 2251 sunt
1238 2186 1298 2250 mi-

348 2286 539 2360 sericordiae,
562 2299 594 2351 et
608 2289 669 2351 erit
691 2308 805 2350 nomen
828 2287 1017 2372 egentiam,
1041 2288 1243 2352 benedictum
1264 2286 1298 2350 in

348 2387 463 2453 secula.
508 2387 573 2455 Sed
602 2411 660 2452 nec
689 2387 799 2452 credas
827 2410 901 2451 eum
931 2388 1106 2453 remissiore
1133 2388 1299 2455 clementia

348 2490 436 2554 vitiis
451 2489 615 2555 audaciam
635 2488 838 2574 praestitisse:
863 2489 886 2551 J
889 2489 1009 2567 ustitia,
1028 2489 1142 2576 inquit,
1164 2490 1300 2556 indutus

349 2614 431 2667 snm,
447 2608 481 2656 et
495 2590 675 2655 diademate
694 2590 818 2677 judicio
844 2613 925 2654 meo.
971 2593 1108 2658 Causam
1132 2615 1229 2678 quam
1244 2615 1300 2657 ne-

350 2693 497 2772 sciebam,
520 2691 758 2777 diligentissime
778 2691 1019 2776 investigabam.
1065 2695 1200 2779 Oportet
1215 2694 1300 2758 enim

344 2793 489 2880 judicem
511 2806 627 2858 cuncta
647 2792 766 2868 rimari,
788 2805 821 2857 et
843 2793 986 2859 ordinem
1009 2816 1112 2859 rerum
1138 2799 1232 2881 plena
1253 2794 1302 2860 in·-

351 2894 522 2982 quisitione
546 2895 715 2972 discutere,
741 2917 798 2958 nec
819 2907 893 2959 ante
918 2895 1047 2961 obviare
1072 2897 1177 2978 alicui,
1204 2918 1301 2985 quam

350 3020 446 3064 causa
460 3001 500 3062 sit
516 2995 665 3082 legitimis
680 2997 855 3061 rationibus
869 2997 1048 3083 plenissime
1063 2999 1206 3066 limitata.
1251 3002 1301 3065 Ut

351 3100 434 3163 enim
450 3100 495 3164 ait
510 3100 644 3179 ethicus,
666 3098 707 3164 ad
729 3099 949 3185 poenitendum
972 3115 1133 3189 properat,
1155 3102 1301 3189 quisquis

351 3202 416 3266 cito
439 3200 575 3290 judicat.
635 3202 845 3267 conterebam
872 3202 971 3267 molas
995 3201 1108 3289 iniqui.
1164 3207 1302 3291 Iniquus

351 3317 410 3384 est,
435 3303 583 3390 quisquis
609 3302 640 3365 in
659 3302 791 3389 judiciis
821 3303 967 3387 sequitur
992 3326 1054 3367 non
1084 3326 1222 3387 causam,
1246 3305 1301 3370 sed

350 3405 502 3492 praedam.
546 3405 610 3481 Qui
641 3407 685 3471 sic
715 3426 848 3468 munera
875 3403 992 3490 diligit,
1014 3420 1049 3473 ut
1073 3420 1226 3495 sequatur
1255 3430 1304 3471 re.

352 3506 550 3570 tributiones.
595 3508 641 3571 Et
663 3506 737 3571 lieet
759 3529 888 3592 aequum
912 3512 965 3585 sit,
988 3509 1075 3595 quod
1098 3509 1239 3575 decernit
1260 3509 1303 3573 ad

352 3607 505 3693 pretium,
526 3607 666 3670 avaritiae
686 3608 823 3672 serviens
839 3610 945 3694 pergit
961 3615 994 3674 in
1017 3624 1161 3677 mortem.
1206 3607 1305 3674 Unde'

354 3708 519 3796 sequitur:
546 3708 592 3771 Et
614 3706 654 3771 de
677 3707 828 3772 dentibus
842 3708 929 3773 illius
949 3711 1130 3776 auferebam
1151 3711 1303 3797 praedam,

354 3811 585 3895 dicebamque:
609 3812 647 3873 ln
673 3808 786 3872 nidulo
815 3832 885 3873 meo
911 3812 1036 3875 moriar.
1079 3817 1222 3877 Mentem
1244 3812 1305 3876 ita·

354 3937 419 4000 que
455 3922 686 3999 composuerat,
716 3910 772 3996 qui
800 3933 906 3975 rerum
937 3935 1065 3976 suarum
1096 3912 1322 4000 amplitudine.

354 4026 524 4079 contentus
539 4025 617 4078 erat.
661 4016 730 4078 Nec
745 4013 889 4079 avaritiae
909 4027 966 4078 aut
980 4014 1161 4080 ambitionis
1176 4015 1305 4081 stimulo

356 4116 543 4201 urgebatur,
554 4129 591 4181 ut
601 4116 732 4179 domum
745 4115 867 4193 domui,
877 4139 992 4201 agrum
1003 4118 1304 4203 agroconjungeret,

357 4217 515 4303 usquead
530 4218 682 4282 terminos
694 4216 765 4293 loci,
780 4240 817 4281 ac
832 4222 858 4282 si
874 4218 959 4283 solus
971 4219 1172 4285 habitaturus
1182 4233 1263 4285 esset
1272 4220 1304 4283 in

357 4317 522 4403 superficie
542 4331 644 4383 terrae.
691 4317 734 4383 Et
757 4320 838 4385 sicut
860 4320 969 4405 palma
988 4320 1207 4406 multiplicabo
1226 4322 1306 4387 dies

357 4419 440 4483 Rem
459 4416 695 4483 admirandam!
720 4420 906 4486 Aristoteles
925 4422 957 4485 in
974 4421 1109 4507 septimo
1130 4420 1305 4506 problema-
