3575 5575
366 733 437 780 cua.
454 725 527 803 vu]
703 741 958 787 consonuimus.
1252 734 1314 791 943

365 891 512 976 Denique
528 914 628 977 quem
651 893 858 978 superborum
885 893 990 978 legisti
1017 918 1147 981 regnare
1174 894 1315 960 diutius?

364 993 485 1056 Eorum
501 980 638 1078 namque
650 993 704 1078 qui
716 1016 773 1078 per
785 993 963 1078 superbiam
976 996 1169 1073 ceciderunt,
1181 994 1315 1060 historia

360 1093 487 1178 copiosa
500 1107 557 1159 est.
604 1094 671 1158 Nec
692 1108 798 1160 tamen
814 1107 945 1161 eatenus
966 1099 1148 1183 superbiam
1170 1099 1260 1174 vitet,
1276 1111 1313 1162 nt

361 1194 480 1262 incidat
494 1195 528 1260 in
543 1209 776 1284 contemptum:
799 1198 875 1282 quia
891 1198 972 1263 sicut
989 1201 1093 1280 elatio,
1104 1200 1150 1264 ita
1165 1211 1196 1264 et
1212 1200 1315 1285 abjec-

359 1297 406 1363 tio
420 1297 608 1363 decliuanda
621 1311 678 1364 est.
724 1299 822 1364 Unde
835 1313 867 1364 et
882 1304 915 1364 in
932 1301 1007 1386 jure
1024 1303 1170 1367 Romano
1184 1313 1313 1366 cautum

361 1411 421 1476 est,
437 1412 474 1463 ut
494 1400 550 1484 qui
569 1401 626 1485 jus
641 1400 758 1478 reddit,
772 1423 804 1463 se
827 1400 957 1486 quidem
974 1403 1007 1466 in
1029 1402 1178 1466 adeundo
1192 1401 1314 1466 facilem

357 1499 511 1584 praebeat,
537 1501 695 1565 contemni
725 1512 829 1565 tamen
861 1523 924 1564 non
950 1502 1101 1587 patiatur.
1146 1502 1309 1567 Mendetis

360 1622 489 1686 quoque
503 1599 663 1685 adjicitur,
678 1623 717 1664 ue
733 1599 889 1665 Praesides
904 1603 1137 1687 provinciarum
1154 1603 1185 1666 in
1205 1603 1312 1667 ulteri-

358 1724 445 1766 orem
468 1701 715 1768 familiaritatem
737 1703 946 1789 provinciales
968 1705 1149 1787 admittant,
1163 1730 1201 1770 eo
1224 1705 1313 1792 quod

360 1827 399 1868 ex
416 1806 652 1869 conversatione
670 1804 784 1890 aequali
799 1807 993 1892 contemptio
1015 1807 1164 1872 nascitur.
1211 1809 1311 1872 Vene-

358 1916 447 1971 retur
469 1931 546 1992 ergo
559 1907 591 1970 in
615 1907 743 1992 publico
758 1908 870 1993 populi
892 1912 1099 1994 majestatem,
1116 1924 1148 1976 et
1170 1911 1256 1998 apud
1279 1934 1312 1974 se

360 2011 495 2096 privatae
521 2009 708 2074 conditionis
733 2022 855 2076 statum
880 2011 1002 2096 pariter
1028 2012 1191 2077 metiatur.
1238 2017 1311 2078 Hoc

265 2111 268 2114 ’
359 2113 463 2197 ipsum
479 2109 619 2194 antiquis
633 2109 899 2197 Philosophorum
916 2111 1114 2177 documentis
1129 2112 1309 2177 faciendum

357 2233 499 2297 agnosce.
539 2211 588 2274 Ad
604 2210 835 2296 Philosophum
854 2213 1013 2289 Taurum,
1029 2214 1171 2279 Athenas
1188 2214 1306 2278 visendi

356 2311 631 2397 cognoscendique
655 2313 726 2398 ejus
747 2297 860 2395 gratia,
884 2325 1040 2376 venerunt
1063 2314 1181 2397 pariter
1204 2315 1310 2379 Cretae

357 2413 530 2499 provinciae
541 2435 668 2499 praeses
681 2424 713 2475 et
728 2424 819 2496 pater
834 2411 914 2498 ejus,
927 2411 980 2475 sed
993 2412 1146 2496 privatus.
1180 2415 1308 2479 Taurus

357 2513 690 2598 venientibusplacide
699 2513 882 2591 assurrexit,
892 2512 1072 2598 reseditque
1083 2527 1154 2600 post.
1164 2527 1308 2580 mutuam

356 2615 591 2679 salutationem.
642 2613 753 2676 Allata
781 2625 829 2675 est
858 2634 933 2675 mox
963 2635 1027 2675 una
1058 2613 1144 2693 sella,
1174 2639 1247 2699 quae
1276 2616 1307 2679 in

355 2729 508 2801 promptu
524 2726 603 2790 erat,
619 2723 650 2776 et
666 2712 745 2775 dum
760 2711 830 2774 aliae
844 2710 1075 2796 promebantur
1089 2715 1235 2799 apposita
1250 2729 1306 2779 est.

357 2816 510 2881 Invitavit
536 2837 612 2898 ergo
639 2816 770 2877 Taurus
792 2825 914 2899 patrem
942 2813 1085 2900 praesidis
1112 2829 1148 2879 ut
1175 2819 1307 2882 sederet.

355 2922 403 2982 At
418 2917 483 2993 ille,
501 2916 615 2980 Sedeat
635 2914 687 2978 hic
706 2914 814 3001 potius
832 2917 889 2999 qui
903 2914 1015 3000 populi
1036 2918 1174 2980 Romani
1194 2918 1308 3004 magis-

354 3031 458 3084 tratus
487 3032 544 3083 est.
590 3018 723 3104 Absque
752 3015 950 3103 praejudicio,
976 3016 1082 3104 inquit
1110 3016 1247 3099 Taurus,
1270 3036 1306 3085 tu

353 3123 474 3187 interea
488 3122 572 3202 sede,
581 3121 659 3186 dnm
675 3119 885 3205 conspicimus
894 3119 1134 3206 quaerimusque
1145 3120 1224 3207 quid
1235 3143 1308 3185 con-

352 3226 468 3305 veniat,
483 3235 553 3290 tene
568 3223 676 3311 potius
690 3220 799 3287 sedere
815 3221 870 3308 qui
885 3233 977 3309 pater
992 3244 1044 3297 es;
1076 3243 1116 3286 an
1132 3222 1233 3287 filiurn
1249 3224 1306 3309 qui

350 3328 434 3414 gerit
449 3326 584 3393 Romani
596 3325 708 3413 populi
722 3323 968 3409 magistratum?
993 3324 1100 3401 Quum
1115 3336 1206 3409 pater
1222 3348 1304 3389 asse-

351 3430 460 3505 disset,
484 3427 730 3514 appositumque
755 3437 835 3491 esset
860 3424 949 3489 aliud
980 3425 1057 3506 filio,
1084 3449 1178 3513 super
1208 3450 1244 3490 ea
1271 3451 1305 3492 re

354 3533 484 3594 ‘saurus
511 3530 572 3607 his,
602 3531 658 3613 qui
693 3540 915 3607 convenerant,
945 3527 1078 3592 verbum
1113 3529 1201 3603 fecit,
1230 3552 1304 3593 cum

352 3653 476 3699 summa
488 3630 577 3709 boni,
591 3632 688 3713 aequi,
701 3629 857 3692 bonorum
868 3642 967 3714 atque
981 3628 1157 3692 officiorum
1172 3652 1305 3715 perpen-

352 3732 481 3799 satione.
526 3732 649 3794 Eorum
672 3727 843 3791 verborum
867 3726 1023 3791 sententia
1048 3726 1117 3789 haec
1140 3726 1206 3789 fere
1230 3728 1304 3793 fuit.

350 3840 389 3899 In
404 3830 542 3921 publicis
563 3828 651 3908 locis,
666 3840 763 3912 atque
783 3826 969 3890 muneribus
991 3838 1118 3910 patrum
1137 3827 1215 3912 jura
1229 3851 1303 3893 cum

350 3937 488 4001 filiorum
498 3935 556 4023 qui
565 3937 598 4000 in
607 3930 797 4016 magistratu
806 3928 1087 4014 autpotestatibus
1096 3942 1170 3993 sunt
1180 3929 1304 4011 collata,

347 4040 590 4124 interquiescere
605 4048 637 4099 et
652 4034 784 4121 paulum
799 4034 975 4096 connivere.
1015 4030 1078 4096 Sed
1094 4054 1193 4118 quum
1209 4048 1301 4099 extra

350 4141 576 4227 rempublicam
607 4140 639 4204 in
670 4136 887 4214 domesticare,
916 4147 1014 4219 atque
1047 4134 1113 4201 vita
1143 4137 1301 4215 sedeatur,

348 4242 540 4319 ambuletur,
555 4244 588 4306 in
604 4242 748 4307 convivio
763 4262 893 4325 quoque
909 4238 1125 4304 discumbatur
1140 4238 1300 4319 familiari,

348 4357 425 4411 tunc
446 4345 529 4409 inter
551 4344 649 4409 filium
672 4346 904 4427 magistratum,
928 4353 960 4404 et
981 4352 1104 4426 patrem
1125 4341 1301 4424 privatum,

799 4453 855 4509 132
