3575 5575
497 823 558 886 los
762 837 897 885 scaurus
913 837 1186 885 sanusnnnrsusrs
1309 821 1392 896 [nm.
1409 838 1448 882 rr.

556 1075 635 1161 Cap.
652 1075 704 1143 29.
727 1075 780 1140 De
794 1075 952 1158 Physicis,
972 1073 1147 1148 Timaeo,
1161 1082 1194 1137 ct
1209 1074 1383 1138 Practica's.

535 1219 642 1281 Llcnr
665 1228 770 1280 tamen
784 1227 821 1282 ut
837 1214 878 1279 de
902 1215 1024 1279 futuris
1046 1213 1163 1301 aliquis
1186 1213 1384 1292 consulatur,
1399 1215 1445 1279 ita

491 1317 632 1404 quidem,
661 1317 687 1383 si
715 1331 772 1383 aut
803 1317 918 1404 spiritu
953 1314 1072 1403 polleat
1101 1316 1289 1402 prophetiae,
1318 1331 1374 1381 aut
1403 1339 1444 1380 ex

490 1419 689 1483 naturalibus
723 1419 832 1505 signis,
862 1417 941 1504 quid
974 1417 1009 1480 in
1037 1416 1226 1503 corporibus
1259 1416 1442 1482 animalium

489 1520 625 1600 eveniat,
640 1520 773 1607 physica
792 1521 926 1586 docente
944 1519 1113 1604 cognovit:
1137 1533 1194 1584 aut
1210 1521 1236 1584 si
1252 1519 1440 1606 qualitatem

489 1621 639 1708 temporis
653 1622 857 1716 imminentis,
868 1620 1159 1708 experimentorum
1172 1621 1298 1687 indiciis
1308 1620 1440 1707 colligit.

489 1721 577 1788 Dum
604 1736 708 1788 tamen
734 1725 784 1788 his
812 1722 1041 1810 posterioribus
1065 1745 1268 1809 nequaquam
1295 1723 1442 1808 quisita

486 1847 596 1889 aurem
612 1826 839 1903 accommodet,
855 1837 891 1890 ut
908 1824 994 1900 fidei,
1010 1838 1064 1890 aut
1079 1824 1226 1910 religioni
1242 1825 1441 1912 praejudicet.

489 1926 550 1991 Sed
567 1949 624 1990 nec
639 1927 731 2014 primi
744 1926 894 1993 audiendi
906 1938 990 2004 sunt,
1002 1927 1061 1991 nisi
1073 1928 1105 1991 in
1116 1950 1154 1991 eo
1164 1927 1253 2014 quod
1262 1927 1442 2014 loquuntur

486 2046 506 2088 a
521 2025 670 2107 Domino,
685 2026 771 2112 quod
787 2046 952 2110 nunquam
966 2024 1149 2110 religionem
1164 2026 1347 2111 impugnat,
1362 2028 1440 2113 quia

485 2147 596 2191 verum
613 2151 688 2192 vero
703 2128 815 2215 nequit
830 2149 897 2191 esse
913 2130 1120 2206 contrarium,
1135 2150 1192 2192 nec
1207 2128 1328 2193 bonum
1345 2128 1439 2194 bono.

486 2231 529 2294 At
541 2227 663 2316 physici
673 2230 750 2294 dum
761 2244 886 2295 naturae
897 2227 1029 2293 nimium
1040 2228 1238 2295 auctoritatis
1244 2230 1439 2307 attribuunt,

484 2329 517 2392 in
547 2341 708 2396 auctorem
738 2345 872 2407 naturae,
903 2330 1101 2397 adversando
1130 2331 1217 2408 fidei,
1248 2330 1438 2418 plerumque

483 2429 676 2516 impingunt.
723 2437 797 2497 Non
828 2431 911 2496 enim
941 2453 1050 2494 omnes
1078 2430 1194 2494 erroris
1223 2453 1337 2515 arguo,
1362 2430 1437 2495 licet

483 2527 640 2615 plurimos
664 2531 830 2608 audierim,
852 2532 892 2597 de
913 2531 1028 2611 anima,
1046 2530 1086 2595 de
1109 2529 1285 2597 virtutibus
1310 2545 1342 2596 et
1362 2553 1438 2613 ope·

482 2630 572 2696 ribus
594 2634 675 2719 ejus,
692 2633 732 2698 de
753 2646 927 2715 augmento
946 2632 1088 2718 corporis
1109 2643 1141 2698 et
1163 2631 1381 2707 diminutione,
1396 2631 1438 2694 de

481 2733 710 2799 resurrectione
721 2735 873 2822 ejusdem,
884 2734 924 2800 de
936 2733 1094 2799 creatione
1105 2754 1225 2811 rerum,
1237 2731 1330 2798 aliter
1338 2753 1435 2819 quam

481 2832 560 2898 fides
582 2835 708 2914 habeat,
724 2837 937 2925 disputantes.
983 2839 1033 2900 De
1054 2837 1125 2921 ipso
1146 2854 1276 2923 quoque
1300 2836 1372 2898 Deo
1386 2833 1435 2897 in-

481 2934 609 2999 terdum
624 2937 670 3002 ita
684 2937 873 3023 loquuntur,

629 3046 670 3098 Ut
681 3048 704 3098 si
716 3047 853 3115 terrigenae
864 3052 995 3101 tentarent
1007 3050 1077 3098 astra
1088 3045 1236 3113 gigantes,-

478 3150 511 3204 et
527 3138 612 3203 inani
627 3153 743 3205 conatu
760 3163 829 3206 cum
847 3138 1022 3220 Encelado,
1034 3152 1071 3204 ut
1086 3142 1131 3205 eis
1142 3142 1250 3206 AEtnae
1261 3163 1341 3205 onus
1352 3139 1433 3226 igni-

478 3238 580 3305 fluum
596 3244 790 3327 imponatur,
800 3242 930 3329 cupiant
940 3241 1123 3327 promereri.
1157 3241 1221 3305 Sed
1231 3240 1262 3304 in
1279 3240 1328 3305 his
1343 3241 1432 3305 facile

477 3342 541 3407 labi
564 3356 709 3428 possunt,
732 3343 809 3430 quia
830 3344 1071 3430 quanticunque
1093 3342 1213 3428 ingenii
1235 3342 1329 3422 vires,
1350 3345 1431 3407 citra

476 3443 728 3529 profunditatem
750 3445 958 3522 difficultatis,
974 3466 1048 3531 quae
1066 3444 1099 3508 in
1122 3442 1172 3507 his
1194 3443 1339 3519 vertitur,
1356 3443 1432 3509 sub-

477 3545 605 3611 sistunt.
650 3544 718 3609 Ubi
749 3569 824 3610 vero
853 3546 960 3611 deficit
989 3547 1180 3627 intellectus,
1205 3544 1281 3609 fidei
1307 3544 1429 3609 ratione

444 3552 466 3747 ii
475 3646 625 3725 deducta,
648 3669 723 3733 quae
743 3647 846 3713 media
866 3661 926 3725 est,
946 3660 1044 3714 restat
1069 3651 1136 3712 sola
1157 3646 1274 3732 opinio.
1320 3648 1426 3724 Quum

475 3772 550 3815 vero
569 3749 611 3814 de
630 3748 834 3814 inferioribus
857 3748 1025 3837 quaeritur,
1046 3763 1127 3834 puta
1148 3747 1189 3812 de
1211 3746 1428 3833 complexione

474 3852 628 3929 animalis,
653 3851 694 3916 de
716 3874 810 3917 causa
832 3863 864 3917 et
890 3873 969 3916 cura
992 3850 1205 3935 aegritudinis,
1227 3850 1273 3913 eis
1298 3846 1425 3911 omnino

473 3942 552 4015 nihil
570 3954 669 4029 deest,
684 3967 801 4039 praeter
821 3954 969 4018 effectum
990 3952 1105 4038 operis,
1127 3952 1153 4015 si
1173 3952 1200 4014 is
1214 3948 1425 4014 desideratur.

473 4054 520 4117 Et
542 4054 672 4138 quidem
696 4055 838 4131 theorici,
861 4053 1017 4142 quicquid
1036 4076 1128 4117 suum
1154 4063 1212 4126 est,
1232 4050 1367 4126 iaciunt,
1392 4060 1426 4115 et

472 4156 553 4219 forte
566 4175 626 4238 pro
641 4175 745 4217 amore
760 4166 817 4218 tuo
837 4154 975 4242 amplius
994 4154 1182 4239 erogabunt,
1197 4163 1230 4215 et
1244 4151 1286 4215 ab
1300 4151 1346 4217 eis
1362 4150 1426 4215 sin·

470 4253 619 4341 gularum
636 4275 741 4318 rerum
756 4278 866 4321 causas
881 4270 912 4321 et
933 4268 1063 4321 naturas
1083 4253 1238 4340 accipies;
1267 4252 1424 4329 sanitatis,

470 4353 682 4443 aegritudinis,
711 4368 743 4420 et
772 4356 993 4433 neutralitatis,
1023 4378 1168 4421 censores
1192 4367 1278 4419 sunt.
1335 4355 1425 4417 Dant

471 4460 637 4524 sanitatem
654 4457 751 4521 verbo
767 4469 870 4538 tenus,
884 4469 917 4524 et
932 4469 1131 4524 conservant.
1175 4455 1427 4524 Neutralitatem
