3575 5575
994 767 1076 829 92
1515 780 1787 826 somnis
1821 778 2378 824 SARESBERIENSIS
2636 759 2796 838 [mn.
2831 778 2903 823 11.

993 934 1121 999 Sed
1153 955 1296 997 ecce
1325 930 1753 1018 privilegium,
1775 930 1950 1016 quod
1984 930 2175 993 homo
2196 929 2479 993 conferre
2502 950 2627 992 non
2661 929 2901 1015 potuit,

994 1032 1358 1118 singillatim
1404 1033 1626 1098 datum
1674 1046 1769 1097 est
1816 1030 2091 1111 Danieli,
2122 1044 2195 1095 ut
2240 1030 2301 1093 in
2349 1029 2552 1095 lucem
2599 1029 2901 1111 proderet

996 1135 1335 1220 aenigmata
1387 1135 1799 1214 somniorum,
1850 1145 1917 1198 et
1972 1133 2249 1197 Domino
2299 1132 2579 1196 dictante
2642 1132 2901 1196 umbras

995 1236 1342 1302 discuteret
1393 1237 1766 1321 figurarum.
1857 1240 1951 1302 Ut
2006 1258 2154 1298 vero
2212 1233 2607 1298 familiaritas
2668 1233 2902 1299 divinae

995 1340 1217 1425 gratiae
1247 1339 1605 1404 evidentius
1633 1338 1979 1418 illucescat,
2008 1337 2160 1424 quid
2195 1359 2305 1400 rex
2337 1337 2399 1400 in
2432 1345 2632 1402 strato
2660 1336 2900 1400 cubans

994 1440 1440 1527 praecogitaret
1485 1439 1768 1524 agnovit,
1798 1452 1862 1503 et
1906 1437 2299 1502 meditationi
2333 1436 2463 1500 visa
2505 1449 2903 1515 connectenS,

994 1541 1370 1626 mysterium
1426 1541 1669 1621 salutis,
1723 1540 1897 1625 quod
1954 1539 2184 1604 umbra
2230 1539 2671 1615 obnubilabat,
2716 1551 2782 1603 et
2832 1538 2897 1601 in

993 1645 1116 1708 fine
1174 1644 1553 1711 saeculorum
1613 1642 2001 1729 completum
2069 1655 2189 1720 est,
2246 1655 2358 1705 aut
2426 1641 2895 1726 complendum,

992 1747 1340 1832 prudenter
1366 1745 1683 1830 exposuit.
1775 1745 2020 1810 Siccine
2050 1743 2252 1808 solent
2292 1744 2678 1829 conjectores
2707 1743 2896 1808 etiam

993 1848 1410 1934 cogitationes
1439 1859 1760 1923 excutere,
1794 1858 1856 1910 et
1900 1846 2162 1910 umbras
2204 1845 2552 1922 exinanire,
2582 1844 2899 1931 explicare

995 1949 1344 2028 involucra,
1375 1963 1436 2012 et
1484 1947 1799 2013 illustrare
1845 1949 2137 2012 tenebras
2175 1947 2572 2032 figurarum?
2637 1945 2703 2010 Si
2753 1947 2901 2033 quis

996 2062 1091 2113 est
1144 2049 1255 2133 qui
1310 2047 1448 2134 pari
1498 2047 1721 2132 gratiae
1773 2045 2109 2132 privilegio
2158 2044 2457 2131 gaudeat,
2509 2045 2766 2109 accedat
2816 2045 2895 2108 ad

999 2149 1358 2229 Danielem,
1405 2161 1467 2212 et
1521 2149 1790 2234 Joseph,
1836 2162 1899 2212 et
1949 2147 2238 2212 similiter
2284 2169 2428 2210 cum
2479 2147 2570 2210 eis
2622 2147 2899 2212 Domino

997 2253 1376 2340 gratuletur.
1457 2253 1659 2329 Quem
1687 2275 1837 2315 vero
1862 2251 2145 2316 veritatis
2169 2250 2427 2337 spiritus
2449 2274 2573 2315 non
2597 2252 2901 2331 illustrat,

997 2356 1079 2420 de
1127 2369 1262 2419 arte
1295 2353 1683 2418 somnolenta
1731 2355 1973 2418 frustra
2002 2353 2287 2429 confidit,
2320 2376 2521 2439 quum
2571 2376 2672 2417 ars
2700 2357 2903 2418 omnis

997 2457 1229 2522 habeat
1269 2480 1309 2520 a
1356 2469 1581 2521 natura
1625 2455 1958 2541 originem,
1990 2456 2070 2520 ab
2105 2479 2223 2520 usu
2253 2469 2316 2519 et
2369 2455 2607 2520 ratione
2653 2478 2899 2541 proces-

1000 2585 1161 2625 sum.
1251 2561 1444 2625 Ratio
1477 2582 1625 2623 vero
1655 2560 1716 2622 in
1749 2560 1849 2623 his
1882 2572 2129 2624 tantum
2161 2559 2481 2624 defectum
2531 2562 2794 2645 patitur,
2828 2578 2901 2625 ut

997 2683 1128 2748 quo
1177 2684 1242 2724 se
1286 2673 1513 2741 vertat,
1544 2660 1702 2746 quid
1743 2659 2021 2747 judicet,
2053 2659 2433 2746 plerumque
2477 2661 2731 2725 omnino
2775 2684 2900 2725 nou

993 2764 1247 2829 habeat.
1323 2760 1516 2840 Quod
1541 2761 1799 2850 quidem
1826 2782 2028 2848 quum
2048 2759 2415 2848 frequenter
2434 2762 2704 2841 eveniat,
2723 2762 2899 2827 facil-

994 2866 1142 2930 lime
1180 2889 1261 2929 ex
1310 2864 1528 2951 paucis
1574 2864 1916 2951 colligitur.
2014 2864 2313 2929 Solicitus
2360 2864 2643 2951 quidam,
2673 2888 2901 2929 nomen

994 2965 1227 3031 etenim
1278 2990 1316 3028 a
1362 2965 1663 3029 memoria
1709 2965 1972 3047 excidit,
2002 2968 2120 3031 etsi
2169 2966 2547 3032 narrationis
2578 2982 2899 3033 auctorem

995 3089 1299 3151 magnum
1355 3078 1601 3131 teneam
1653 3067 2108 3152 Augustinum‚
2162 3067 2224 3131 in
2278 3092 2346 3132 re
2398 3069 2597 3133 dubia
2648 3092 2894 3136 sensum

996 3170 1259 3234 alterius
1287 3169 1392 3233 cui
1425 3192 1554 3232 rem
1589 3185 1853 3234 noverat
1884 3192 2017 3231 esse
2045 3181 2288 3245 notam,
2322 3193 2549 3255 magna
2595 3172 2899 3236 instantia

998 3273 1117 3336 sibi
1164 3271 1529 3358 postulabat
1582 3270 1837 3357 exponi.
1950 3272 2164 3348 Quum
2220 3295 2368 3336 vero
2411 3272 2571 3336 alter
2628 3273 2903 3358 petentis

998 3372 1385 3439 desiderium
1431 3373 1957 3458 promissionibus
2005 3375 2441 3458 protraxisset,
2472 3387 2535 3438 et
2586 3374 2774 3439 unius
2806 3376 2899 3439 in-

1000 3476 1232 3560 stantia
1291 3476 1704 3540 deluderetur
1774 3475 2121 3539 calliditate
2180 3476 2464 3556 alteriuS,
2522 3475 2750 3542 accidit
2826 3490 2901 3541 ut

996 3578 1216 3643 eadem
1248 3589 1432 3642 nocte
1462 3578 1702 3662 pariter
1733 3577 2141 3653 somniarent,
2165 3579 2326 3642 alter
2355 3579 2530 3665 quod
2561 3603 2692 3644 rem
2724 3604 2901 3667 quae-

995 3681 1179 3745 sitam
1233 3681 1473 3766 petenti
1535 3692 1902 3762 exponeret,
1954 3678 2114 3744 alter
2174 3680 2349 3765 quod
2404 3682 2462 3745 ei
2522 3706 2559 3745 a
2618 3682 2900 3747 doctiore

990 3783 1473 3868 diligentissime
1495 3794 1943 3868 exponeretur.
2020 3785 2417 3869 Factumque
2446 3796 2564 3862 est,
2590 3796 2661 3847 ut
2694 3805 2896 3867 quum

996 3887 1225 3949 umbra
1269 3884 1500 3972 quietis
1529 3896 1950 3960 evanesceret,
1983 3907 2047 3947 se
2078 3888 2415 3950 miraretur
2444 3885 2550 3948 ille
2580 3884 2659 3947 ad
2708 3883 2902 3947 scien-

998 3988 1174 4061 tiam,
1228 4010 1415 4074 quam
1470 3987 1581 4052 diu
1642 3988 2007 4074 quaesierat,
2059 3987 2188 4051 sine
2239 3987 2517 4052 doctoris
2577 3987 2900 4063 benefici0‚

996 4087 1306 4173 nulloque
1329 4089 1426 4151 sui
1451 4089 1752 4153 exercitio
1782 4089 2154 4175 pervenisse.
2222 4089 2473 4152 Deinde
2503 4112 2704 4174 quum
2729 4111 2902 4152 more

999 4188 1187 4253 solito
1217 4188 1387 4274 apud
1417 4189 1763 4255 doctiorem
1812 4205 2055 4277 ageret,
2090 4206 2163 4257 ut
2194 4187 2316 4256 sibi
2360 4192 2741 4277 promissum
2785 4192 2906 4256 sol-

998 4304 1278 4366 veretur,
1316 4292 1474 4378 jam,
1504 4292 1716 4379 inquit
1749 4294 2019 4375 doctior,
2048 4295 2288 4359 factum
2322 4309 2415 4359 est
2448 4293 2621 4381 quod
2664 4295 2904 4380 petisti,

999 4418 1200 4482 quum
1247 4418 1320 4458 ea
1349 4407 1527 4460 necte
1563 4408 1634 4460 ut
1682 4396 1974 4460 docerem
2025 4400 2411 4462 accesserim.
2504 4395 2663 4475 Quis
2709 4396 2900 4480 hujus
