3575 5575
487 788 548 847 194
744 798 881 846 soruurs
898 795 1177 840 ssunsannrnusrs
1295 777 1378 857 [ma.
1395 794 1446 839 111.

507 1041 587 1122 Cap.
607 1043 655 1102 ll.
678 1037 731 1101 De
746 1036 999 1114 munusculariis
1013 1041 1043 1097 et
1053 1033 1283 1114 promissariir,
1297 1041 1328 1098 ct
1342 1036 1427 1116 quod

631 1141 819 1221 promittere
831 1157 898 1200 uon
914 1138 1065 1218 aspectat
1080 1133 1124 1196 ad
1136 1137 1298 1199 uirtutem.

535 1276 575 1337 Iu
604 1295 643 1337 eo
672 1283 778 1339 autem
803 1272 989 1337 adulatoriae
1016 1273 1064 1334 vis
1090 1293 1208 1354 magna
1234 1273 1391 1351 consistit,
1418 1273 1446 1336 si

492 1377 618 1440 omissis
639 1377 785 1460 propriis,
801 1376 906 1439 aliena
928 1373 1099 1438 commoda
1115 1395 1223 1438 curare
1246 1375 1391 1453 ridearis,
1406 1376 1447 1439 de

493 1489 550 1541 tuo
565 1499 730 1559 nunquam
753 1487 809 1541 aut
830 1498 914 1555 raro,
930 1498 1054 1560 semper
1075 1487 1129 1540 aut
1151 1498 1238 1560 saepe
1260 1479 1396 1561 loquens
1411 1477 1451 1541 de

402 1610 406 1618 ’
494 1579 593 1656 illius,
602 1600 697 1662 quern
710 1578 890 1660 aucuparis,
899 1578 1123 1641 emolumento.
1159 1579 1313 1641 Praeterea
1322 1599 1451 1642 manum

496 1681 637 1755 contine,
652 1701 704 1758 ne,
719 1681 746 1743 si
769 1679 847 1764 quid
867 1680 965 1743 etiam
987 1679 1087 1742 invito
1107 1679 1279 1762 ingeratur,
1302 1681 1453 1763 accipias,

496 1781 574 1845 dum
588 1783 700 1858 influat
710 1783 731 1845 J
732 1780 860 1844 ordanis
875 1780 909 1844 in
923 1803 958 1844 os
974 1781 1055 1864 ejus
1067 1781 1123 1864 qui
1138 1781 1213 1844 dum
1230 1781 1338 1845 omnia
1352 1782 1450 1864 cupit,

496 1883 559 1946 sibi
574 1904 702 1966 quoque
714 1883 820 1945 omnia
831 1881 871 1945 de
881 1881 955 1965 jure
967 1891 1060 1965 putat
1072 1892 1264 1964 competere.
1294 1881 1452 1946 Esuriens

497 1986 572 2068 gula
582 1985 808 2048 insatiabilium
819 1984 1018 2067 quorundam
1032 1984 1229 2062 animalium,
1240 1984 1344 2049 donec
1357 1985 1455 2048 satie·

497 2099 557 2163 tur,
567 2106 767 2148 communem
783 2085 855 2148 aliis
865 2085 987 2148 inridet
1002 2087 1129 2162 cibum;
1153 2087 1229 2149 etin
1243 2109 1306 2170 quo
1318 2087 1452 2150 aliorum

497 2185 682 2249 subvenitur
694 2185 824 2268 inopiae,
835 2206 869 2247 se
884 2185 1025 2249 fraudem
1039 2187 1163 2270 perpeti
1179 2188 1366 2272 suspicatur.
1397 2187 1452 2251 Sic

498 2289 676 2351 fortunatus
710 2287 771 2349 sibi
800 2286 961 2350 interdum
995 2288 1138 2351 subtrahi
1168 2300 1270 2371 putat,
1300 2287 1453 2372 quicquid
1496 2351 1501 2359 ,

499 2410 690 2474 quocunque
706 2389 798 2451 titulo
814 2389 977 2452 confertur
987 2390 1019 2453 in
1036 2387 1146 2466 alium,
1158 2399 1238 2453 teste
1251 2389 1376 2468 Crasso,
1388 2389 1454 2474 qui,

499 2502 536 2556 ut
550 2490 678 2570 dicitur,
688 2491 788 2553 milite
803 2488 1035 2569 dissimulante,
1047 2512 1086 2554 eo
1102 2490 1189 2575 quod
1207 2493 1305 2568 solus,
1317 2499 1372 2554 aut
1386 2512 1453 2574 prae

499 2593 624 2660 caeteris
653 2593 740 2677 apud
764 2592 900 2656 Parthos
926 2614 1037 2656 aurum
1064 2594 1194 2669 sitierat,
1222 2613 1333 2656 aurum
1357 2593 1452 2656 bibit.

498 2696 521 2758 J
522 2694 659 2776 ugurtha
673 2714 801 2776 quoque
813 2714 899 2775 saepe
915 2693 1097 2757 Romanum
1113 2693 1301 2768 exarmavit,
1313 2703 1346 2756 et
1360 2692 1455 2774 fregit

497 2791 678 2881 imperium,
689 2808 721 2859 et
736 2795 923 2874 exercitum,
934 2796 1034 2880 ipsius
1052 2818 1179 2881 quoque
1192 2796 1282 2859 urbis
1294 2797 1456 2859 concussit

501 2900 709 2983 majestatem,
733 2920 819 2961 nunc
847 2898 928 2961 dans
956 2900 1060 2982 plura,
1085 2899 1274 2981 promittens
1297 2894 1456 2960 interdum

493 2994 648 3084 plurima.
693 2999 758 3065 Sed
771 3000 833 3062 hoc
850 3000 987 3063 liberum
1005 3013 1054 3064 est
1064 3001 1127 3079 his,
1142 3013 1175 3065 et
1190 3023 1276 3084 saepe
1293 2999 1456 3077 conducit,

503 3101 557 3186 qui
573 3104 682 3187 aliqua
701 3102 820 3165 donare
837 3114 1081 3165 consueverunt.
1125 3102 1280 3187 Alioquin
1301 3102 1457 3187 promisso

502 3207 608 3288 gratiae
633 3203 842 3269 conciliandae
866 3225 934 3267 non
956 3204 1092 3286 proficit,
1116 3203 1172 3267 sed
1196 3206 1288 3288 quasi
1310 3204 1457 3286 deceptio

500 3308 712 3382 fraudulenta,
726 3307 812 3370 illam
829 3327 902 3389 quae
917 3327 987 3369 esse
1009 3305 1134 3369 videtur
1149 3307 1337 3388 plerumque
1352 3305 1457 3367 extin-

405 3391 409 3397 ⁸
502 3407 580 3490 guit.
624 3408 731 3470 Tanto
754 3406 886 3489 quidem
907 3407 1139 3491 validiusque
1163 3427 1237 3468 cum
1259 3404 1458 3489 prudentiori

497 3521 532 3573 et
543 3509 677 3591 graviori
692 3508 757 3571 viro
768 3509 930 3589 negotium
947 3508 1072 3589 geritur.
1105 3507 1302 3591 Simplicitas
1317 3528 1457 3591 namque

502 3610 817 3676 circumvenientium
833 3610 960 3673 insidiis
974 3609 1072 3673 latius
1086 3620 1186 3693 patet,
1199 3621 1231 3673 et
1247 3610 1369 3673 facilius
1384 3630 1458 3692 sup-

501 3716 671 3800 plantatur.
703 3712 798 3775 Unde
813 3712 867 3776 ille
883 3712 939 3796 qui
955 3734 1019 3775 nou
1036 3714 1157 3791 urbem,
1169 3712 1226 3777 sed
1241 3716 1349 3777 orbem
1364 3712 1459 3775 lasci-

497 3818 545 3879 vis
573 3809 716 3898 implevit
745 3813 916 3892 amoribus,
943 3813 1183 3876 sollicitatorem
1212 3815 1391 3897 puellarum
1422 3821 1454 3874 et

500 3917 697 4000 impudicum
712 3918 873 3978 instruens
889 3923 1076 3993 amatorem,
1091 3916 1154 3979 ait:

608 4022 749 4074 Promittas
758 4020 848 4086 facito,
860 4021 920 4089 quid
934 4024 1003 4074 enim
1014 4023 1165 4091 promittere
1177 4020 1267 4075 laedit?

646 4106 774 4159 Pollicitis
787 4107 860 4160 dives
870 4106 982 4175 quilibet
995 4124 1053 4159 esse
1065 4112 1159 4178 potest.

502 4206 551 4269 At
574 4202 785 4287 philosophus
809 4224 987 4287 nunquam,
1008 4213 1064 4265 aut
1086 4203 1256 4282 rarissime,
1278 4214 1310 4269 et
1331 4203 1393 4267 hoc
1417 4222 1461 4267 ex

495 4312 584 4393 justa
599 4326 697 4369 cansa
708 4306 819 4369 asserit
833 4304 1049 4369 conducibile.
1081 4303 1115 4368 Si
1133 4305 1219 4367 enim
1234 4306 1458 4389 promissionis

503 4408 675 4496 implenrlae
692 4407 828 4473 facultas
848 4430 915 4471 non
938 4407 1088 4491 suppetit,
1104 4410 1303 4473 temerarium
1325 4418 1373 4473 est
1388 4428 1460 4491 pro·
