3575 5575
318 826 387 871 cae.
404 805 473 886 xa]
691 819 944 866 rourcaarrcus.
1228 800 1270 862 85

320 977 435 1041 dextra
455 975 641 1047 contineret,
664 972 694 1036 in
719 973 790 1036 aeris
813 971 946 1035 materia
971 972 1040 1036 fieri
1066 969 1270 1034 studuerunt.

321 1081 371 1142 Ea
394 1101 468 1150 vero
492 1077 631 1163 perfecta
653 1075 686 1138 in
709 1075 811 1137 forma
833 1073 973 1159 egregia,
989 1087 1123 1138 venusta
1142 1073 1273 1158 quanti·

320 1191 396 1255 tate,
413 1192 488 1265 apta
503 1178 643 1264 partium
660 1174 878 1260 dispositione,
889 1173 1040 1238 membris
1055 1195 1185 1259 quoque
1199 1194 1272 1236 con-

321 1281 519 1359 decentibus,
539 1291 570 1342 et
589 1277 649 1342 sibi
669 1277 803 1341 invicem
827 1275 1081 1360 congruentibus
1103 1274 1271 1350 universis,

320 1403 423 1466 quum
444 1401 506 1443 non
528 1391 591 1441 tam
607 1377 719 1464 populi
733 1377 1010 1454 examinationem,
1025 1399 1122 1462 quam
1138 1376 1273 1439 admira-

323 1482 452 1557 tionem,
469 1481 563 1566 plena
578 1480 627 1542 sui
641 1477 916 1543 commendatione
930 1477 1124 1563 deposceret,
1139 1478 1270 1563 quidam
1304 1493 1307 1498 “

324 1581 405 1644 solas
435 1580 529 1642 tibias
558 1590 657 1640 tantae
686 1574 761 1638 moli
796 1575 995 1660 perferendae
1024 1576 1178 1640 inhabiles
1206 1601 1273 1642 esse

323 1681 444 1746 causati
460 1693 543 1745 sunt.
582 1679 708 1756 Quibus
723 1678 813 1741 faber
828 1678 1008 1763 respondit3
1029 1702 1081 1742 eas
1093 1702 1274 1766 usquequa·

325 1808 389 1872 que
416 1783 568 1860 sufficere,
592 1781 692 1845 donec
716 1780 808 1866 virgo
831 1794 967 1866 pareret,
989 1783 1118 1845 omnino
1142 1783 1274 1847 credens

324 1884 549 1972 impossibilem
567 1883 696 1968 virginis
710 1897 848 1967 partum.
895 1881 989 1959 Quod
1005 1895 1037 1946 et
1053 1882 1184 1948 Christo
1199 1898 1276 1948 nato

324 1987 491 2073 impletum
507 1998 564 2060 est,
588 2008 626 2049 ea
647 1997 813 2048 corruente
828 1995 860 2046 et
875 1984 987 2062 fracta,
1002 1985 1079 2069 quia
1100 1985 1274 2052 humanum

325 2088 534 2163 contrahitur,
551 2087 606 2151 ubi
622 2085 764 2149 divinum
780 2084 949 2170 imperium
965 2084 1128 2150 dilatatur.
1167 2088 1273 2164 Quum

326 2214 401 2254 vero
416 2213 465 2253 res
480 2212 536 2276 per
548 2192 686 2274 quietem
702 2187 763 2250 alio
779 2188 948 2251 nunciante
963 2186 1117 2265 clarescit,
1128 2191 1153 2254 si
1170 2206 1274 2256 tamen

326 2293 522 2358 enunciantis
539 2291 670 2354 honesta
689 2291 804 2376 cuique
824 2312 958 2375 persona
973 2291 1014 2354 sit
1029 2305 1061 2354 et
1076 2294 1274 2372 venerabilis,

325 2397 357 2458 in
381 2393 577 2459 oraculorum
606 2393 740 2478 speciem
765 2391 860 2456 cadit.
905 2395 967 2456 Est
994 2393 1078 2457 enim
1104 2397 1278 2478 oraculum,

326 2508 363 2560 ut
378 2498 423 2558 ait
439 2493 582 2581 quidam,
594 2493 703 2556 divina
718 2491 865 2556 voluntas
880 2515 934 2555 ore
949 2493 1276 2575 hominisenunciata.

328 2597 478 2662 Hominis
512 2617 587 2659 vero
622 2594 834 2680 appellatione
871 2610 1028 2673 censetur,
1059 2599 1216 2685 quicquid
1246 2601 1277 2664 in

328 2697 431 2783 specie
452 2696 587 2759 hominis
607 2695 742 2774 videtur,
763 2695 868 2769 bomo,
890 2695 1021 2778 angelus
1042 2697 1093 2771 sit,
1114 2721 1153 2760 an
1178 2704 1279 2782 Deus,

328 2820 368 2860 an
394 2796 517 2882 quaevis
543 2794 605 2859 alia
627 2807 783 2858 creatura.
829 2798 967 2859 Persona
989 2812 1096 2861 autem
1122 2802 1281 2887 cujusque

328 2899 461 2962 honesta
481 2909 583 2960 estet
607 2896 806 2974 venerabilia,
829 2909 885 2961 aut
912 2911 1038 2975 natura,
1063 2912 1098 2964 ut
1123 2907 1278 2986 parentis;

330 3013 386 3065 aut
402 2998 593 3076 conditione,
607 3012 642 3063 ut
658 2998 798 3073 domini;
823 3013 880 3064 aut
896 2999 1049 3080 moribus,
1065 3015 1101 3066 ut
1118 3003 1277 3089 religiosi;

329 3115 386 3167 aut
409 3102 548 3179 fortuna,
570 3113 605 3165 ut
627 3102 851 3184 magistratus;
884 3116 941 3165 aut
961 3102 1123 3187 religione,
1146 3119 1181 3171 ut
1206 3106 1280 3185 Dei,

330 3204 454 3291 Angeli,
479 3203 666 3284 hominisve,
690 3207 787 3267 sacris
808 3218 840 3267 et
863 3205 1046 3269 ceremoniis
1069 3207 1185 3275 divinis
1206 3234 1280 3273 con·

331 3307 452 3371 secreti.
497 3310 549 3371 Ex
566 3329 632 3391 quo
646 3317 790 3391 apparet,
804 3306 862 3369 etsi
883 3328 945 3371 non
965 3307 1160 3393 simpliciter,
1176 3327 1281 3379 tamen

331 3409 505 3473 secundum
528 3407 620 3493 quid,
635 3430 784 3493 personas
802 3422 872 3478 arte
891 3410 1083 3494 conjectoria
1101 3435 1164 3477 non
1187 3419 1283 3482 modo

331 3510 491 3585 honestas,
522 3508 577 3573 sed
607 3523 639 3574 et
669 3510 870 3575 detestabiles
900 3514 1125 3579 venerabilium
1156 3522 1283 3586 nomine

332 3611 448 3675 claudi.
494 3611 585 3676 Sicut
611 3613 696 3677 enirn
723 3612 899 3679 Catholicae
923 3615 1086 3700 religionis
1111 3619 1182 3698 viri,
1208 3647 1283 3688 vero

332 3717 413 3788 Deo,
429 3713 538 3799 eisque
554 3736 628 3799 quae
643 3736 773 3777 munere
788 3716 858 3799 ejus
878 3738 966 3779 sacra
989 3731 1075 3797 sunt,
1089 3720 1172 3805 piam
1190 3739 1283 3789 vene-

333 3818 489 3880 rationem
515 3815 716 3901 impenduut,
740 3816 784 3878 ita
810 3816 979 3893 haereticae,
1001 3832 1032 3881 et
1058 3824 1285 3905 superstitiosae

333 3917 494 4003 religionis
531 3917 684 3994 homines,
715 3918 796 3982 fictis
825 3918 1020 3996 numinibus,
1049 3921 1147 3987 immo
1176 3930 1284 4013 potius

335 4020 417 4083 veris
439 4020 648 4095 daemonibus,
665 4039 697 4084 et
720 4021 952 4085 execrabilibus
973 4024 1069 4088 sacris
1085 4049 1206 4107 eorum,
1221 4056 1285 4096 non

335 4120 474 4186 debitam
492 4124 708 4200 reverentiam,
724 4148 798 4209 quae
813 4124 903 4188 nulla
916 4138 974 4203 est,
991 4127 1045 4190 sed
1066 4131 1287 4216 turpissimum

337 4221 487 4288 exhibent
503 4225 705 4292 famulatum.
744 4227 838 4304 Quod
854 4228 949 4292 latius
963 4252 1002 4295 ex
1018 4230 1183 4313 gentilium
1200 4236 1289 4303 libris

337 4322 509 4407 colligitur.
554 4325 675 4393 AEneas
689 4330 889 4394 oraculorum
910 4331 1039 4409 indicio,
1055 4336 1240 4420 promissam
1256 4354 1288 4403 et

334 4424 502 4509 quaesitam
517 4426 638 4490 invenit
654 4429 793 4505 Italiam,
807 4442 838 4493 et
854 4430 884 4493 in
902 4454 938 4493 ea
954 4454 1015 4494 non
1033 4448 1096 4496 tam
1110 4438 1288 4523 numinum,
