3575 5575
480 823 545 882 282
746 829 881 876 ioannis
898 826 1177 873 ssausaaumusrs
1309 811 1392 891 [mn.
1406 829 1435 874 v.

483 1000 565 1060 tum,
580 997 614 1049 et
625 980 820 1048 Plutarchus
833 979 866 1043 in
881 991 995 1042 octavo
1010 977 1261 1042 memorabilium
1278 978 1376 1043 dicit:
1403 978 1436 1042 Si

483 1064 579 1175 supei·
588 1087 717 1174 palmae,
727 1079 1015 1168 inquiunt,arboris
1025 1079 1285 1166 liguum,magua
1294 1080 1437 1166 pondera

484 1189 640 1273 imponas,
669 1207 706 1249 ac
732 1193 857 1247 tantum
886 1181 1027 1266 graviter
1054 1203 1178 1266 urgeas,
1205 1194 1236 1247 et
1260 1203 1380 1262 oneres,
1403 1193 1439 1246 ut

485 1286 675 1374 magnitudo
685 1283 789 1349 oneris
798 1282 947 1348 sustiueri
958 1295 1107 1368 nequeat,
1119 1283 1336 1347 nondeorsum
1343 1282 1437 1358 cedit,

486 1413 544 1454 nec
559 1389 592 1452 in
608 1401 725 1452 terram
740 1383 892 1459 flectitur,
908 1383 962 1446 sed
983 1383 1136 1448 adversus
1150 1383 1277 1470 pondus
1291 1385 1440 1469 resurgit,

486 1503 519 1556 et
534 1511 660 1554 sursum
676 1490 800 1560 nititur,
823 1496 1087 1570 recurvaturque.
1134 1486 1318 1570 Propterea,
1334 1486 1440 1572 iuquit

490 1591 696 1668 Plutarchus,
712 1587 833 1674 placuit
854 1586 992 1672 palmam
1016 1586 1142 1672 signum
1166 1605 1237 1650 esse
1253 1587 1395 1652 victoriae
1408 1591 1442 1653 in

488 1692 727 1767 certaminibus,
741 1689 892 1778 quoniam
908 1687 987 1773 ligni
1002 1688 1166 1773 ingenium
1185 1687 1368 1775 hujusmodi
1385 1701 1444 1768 est,

491 1812 529 1862 ut
545 1794 735 1879 urgentibus
752 1790 1074 1878 opprimentibusque
1094 1811 1158 1853 uon
1177 1790 1280 1854 cedat.
1327 1791 1444 1855 Fertur

491 1899 568 1961 item
583 1894 672 1982 quod
683 1915 791 1958 ramus
804 1891 1009 1978 ejuspalmae‚
1021 1914 1095 1977 quae
1110 1891 1223 1955 Graece
1233 1891 1351 1955 dicitur
1362 1891 1445 1956 basi-

491 1999 585 2075 leros,
602 1996 697 2060 avelli
718 2015 781 2058 uon
803 2005 920 2080 potest,
943 1992 969 2057 si
991 1993 1139 2058 trahatur
1160 1993 1320 2067 deorsum,
1338 1993 1393 2058 sed
1417 1993 1442 2057 si

492 2118 616 2163 sursum
631 2095 791 2181 producas
804 2092 900 2158 cedit.
945 2096 1080 2160 Constat
1095 2107 1202 2159 autem
1219 2095 1296 2181 quia
1312 2107 1445 2160 truncus

492 2197 619 2284 mimae,
632 2196 682 2261 rel
697 2196 827 2283 stipesa
841 2195 948 2260 radice
963 2196 1174 2273 contrabitur,
1188 2197 1243 2262 sed
1258 2197 1292 2260 in
1308 2196 1446 2284 superio-

491 2301 584 2366 ribus
605 2300 769 2365 dilatatur.
814 2299 913 2363 Secus
934 2310 1043 2362 autem
1066 2310 1115 2364 est
1135 2301 1168 2362 in
1190 2299 1304 2384 quavis
1326 2300 1448 2380 arbore,

493 2424 569 2490 quae
591 2414 681 2466 tauto
713 2399 815 2486 magis
836 2400 1002 2486 turgescit,
1026 2399 1114 2486 quod
1144 2401 1186 2464 ad
1209 2414 1324 2464 terram
1352 2401 1448 2487 stipes

494 2505 630 2569 vicinius
644 2503 775 2568 accedit.
821 2504 884 2567 Per
897 2507 1035 2588 palmam
1051 2525 1129 2588 ergo
1147 2503 1343 2588 significatur
1352 2504 1449 2588 justi-

494 2607 541 2672 tia
554 2605 753 2682 invincibilis,
770 2627 844 2691 quoe
866 2604 1053 2669 descensum
1068 2626 1131 2668 non
1151 2605 1253 2681 novit,
1275 2603 1329 2667 sed
1346 2603 1447 2667 solum

496 2708 539 2774 ad
561 2708 726 2796 superiora
745 2728 939 2794 processum.
984 2707 1081 2772 Unde
1091 2707 1200 2794 justus
1220 2718 1257 2770 ut
1273 2707 1378 2793 palma
1391 2704 1447 2769 flo-

498 2812 593 2877 rebit.
614 2811 723 2878 Radix
735 2833 805 2875 mea
815 2826 925 2897 aperta
936 2821 985 2873 est
1000 2832 1088 2875 secus
1099 2833 1209 2896 aquas,
1220 2811 1449 2897 seripturarum

497 2913 611 2998 utique
632 2926 665 2976 et
680 2910 850 2988 virtutum,
873 2910 1048 2997 dequibus
1070 2932 1178 2995 supra,
1192 2924 1224 2976 et
1247 2934 1310 2991 ros,
1333 2910 1450 2975 seilicet

496 3016 621 3099 gratiae,
632 3011 810 3075 morabitur
819 3011 852 3075 in
863 3014 1020 3077 messione
1032 3032 1110 3075 mea.
1134 3012 1282 3097 Intellige
1293 3012 1448 3076 bonorum

498 3134 643 3199 operum,
659 3133 795 3197 quorum
811 3110 991 3197 manipulos
1005 3110 1112 3176 electis
1126 3124 1257 3198 reponet
1272 3113 1360 3199 apud
1373 3137 1405 3177 se
1420 3112 1451 3175 in

498 3214 556 3279 illa
576 3215 629 3279 die
645 3216 755 3302 justus
778 3214 892 3303 judex.
937 3213 1035 3279 Unde
1057 3214 1224 3299 sequitur:
1249 3215 1362 3281 Gloria
1383 3236 1453 3279 mea

500 3338 624 3402 semper
637 3317 854 3393 innovabitur,
869 3327 902 3380 et
917 3338 1008 3381 arcus
1023 3338 1112 3381 meus
1121 3316 1360 3394 instaurabitur,
1376 3317 1454 3403 quia

645 3448 696 3501 nst
707 3448 806 3517 aliquid
817 3466 868 3517 quo
879 3450 974 3515 tendit,
988 3456 1016 3503 et
1026 3451 1054 3503 in
1065 3469 1115 3519 quo
1127 3450 1217 3519 dirigit
1227 3468 1314 3504 arcum

498 3552 620 3640 justus,

655 3668 684 3722 N
685 3688 715 3724 ec
726 3670 824 3741 passim
835 3670 950 3739 sequitur
962 3688 1049 3725 corvos
1060 3677 1179 3743 testaque
1188 3675 1304 3745 lutoque.

505 3793 569 3869 Qui
583 3814 634 3856 me
649 3790 835 3870 audiebant,
846 3792 1060 3880 expectabant
1069 3794 1274 3870 senteutiam,
1286 3795 1341 3859 &a
1365 3794 1455 3878 Saepe

504 3892 639 3975 dictum,
654 3894 841 3959 seutentiam
856 3895 890 3959 in
906 3895 990 3959 bono
1007 3916 1131 3981 semper
1150 3894 1363 3981 accipiendam
1378 3917 1454 3969 esse,

485 3981 492 3993 ’
501 3996 600 4081 juxta
608 3995 689 4059 illud
701 4022 709 4059 z
734 3998 917 4083 Sapientior
930 3996 1056 4062 videtur
1067 3996 1126 4061 sibi
1141 4000 1233 4083 piger
1245 4011 1365 4084 septem
1381 3996 1456 4061 viris

505 4095 712 4182 loquentibus
734 4102 918 4164 sententias.
962 4098 1070 4163 Audis
1084 4100 1117 4163 iu
1140 4100 1282 4186 sapiente
1305 4111 1362 4164 tua
1383 4120 1458 4163 oon·

505 4220 642 4264 currere.
679 4197 813 4274 Intenti,
824 4199 942 4286 inquit,
954 4202 1100 4267 tacebant
1109 4202 1151 4266 ad
1160 4201 1328 4267 consilium
1340 4224 1457 4279 meum,

506 4300 611 4367 verbis
636 4298 712 4363 meis
740 4298 819 4363 nihil
845 4301 964 4367 addere
989 4302 1162 4381 audebant,
1194 4303 1334 4369 stillabat
1364 4325 1459 4390 super

506 4427 561 4470 eos
571 4402 735 4490 eloquium
744 4426 860 4469 meum.
885 4406 950 4470 Res
961 4405 1061 4472 ardua
1073 4406 1229 4473 desiderat
1240 4405 1458 4482 attentionem,
