3575 5575
474 815 533 876 182
732 827 868 872 rosunrs
884 825 1162 870 ssunsnaltmusrs
1287 804 1370 883 [cra.
1388 826 1426 868 11.

472 975 1012 1058 nit,auctorcoelicnntradicerenon
1024 975 1176 1040 audebit?
1200 973 1426 1058 interpositam

473 1082 555 1146 inter
565 1081 621 1164 jus
635 1093 668 1145 et
682 1079 866 1166 aequitntem
886 1080 1191 1164 interpretationem,
1206 1076 1265 1140 soli
1287 1076 1425 1162 principi

475 1197 507 1248 et
526 1197 664 1270 oportet,
680 1194 712 1245 et
728 1181 802 1247 licet
817 1182 980 1266 inspicere.
1026 1179 1094 1243 Ubi
1115 1177 1203 1242 aliud
1222 1180 1279 1264 jus
1300 1180 1425 1257 suadet,

473 1285 560 1349 aliud
578 1285 724 1371 mquitas,
739 1306 813 1369 quae
827 1283 859 1346 in
876 1282 1005 1365 publica
1020 1281 1158 1346 utilitate
1174 1294 1328 1355 versatur,
1341 1280 1426 1365 prin·

473 1387 552 1473 cipis
567 1386 740 1473 quaerenda
755 1396 801 1447 est
816 1384 1047 1468 interpretatio,
1060 1405 1134 1466 quae
1148 1382 1304 1467 generalis
1318 1394 1376 1462 est,
1391 1394 1424 1447 et

473 1486 654 1551 necessaria.
706 1484 771 1550 Ubi
794 1482 986 1567 descripto,
1009 1495 1041 1546 et
1064 1481 1220 1546 sententia
1243 1480 1424 1559 dubitatur,

473 1611 560 1651 mens
571 1601 618 1651 est
633 1585 824 1672 inquirenda
835 1585 985 1648 auctoris.
1015 1584 1096 1660 Quis
1110 1605 1187 1666 ergo
1199 1595 1230 1646 te
1245 1582 1422 1647 coelestium

470 1687 544 1752 fecit
564 1688 792 1771 interpretem?
818 1685 926 1759 Unde,
942 1682 1021 1767 quid
1044 1682 1206 1768 expediat,
1221 1683 1327 1746 nosti?
1350 1683 1423 1760 Qua

471 1788 646 1851 temeritate
661 1785 762 1848 aliena
772 1805 879 1870 opera,
892 1783 967 1858 tuis,
978 1783 1044 1845 imo
1056 1781 1118 1844 Dei
1130 1782 1241 1859 stellis,
1251 1781 1423 1846 adscribisl

472 1889 582 1950 'l'eneo
597 1887 678 1950 enim
696 1899 787 1950 tuum
804 1882 884 1947 illud
900 1883 1145 1948 subtilissimum
1161 1898 1397 1967 argumentum,

715 2041 757 2093 Tu
770 2041 813 2109 qui
824 2039 953 2108 flagrante
964 2040 1091 2092 minacem

573 2128 697 2198 Scorpion
708 2127 823 2179 incendis
835 2125 925 2186 cauda,
938 2123 1075 2193 chelasque
1086 2126 1195 2196 pennis,

576 2213 648 2275 Quid
659 2217 760 2265 tanturn
773 2211 887 2264 Gradive
899 2212 993 2280 paras?

472 2373 534 2440 Sed
566 2373 721 2438 mendacii
751 2383 853 2459 pater,
879 2373 934 2458 qui
961 2383 993 2436 te
1021 2372 1082 2437 huc
1107 2373 1216 2440 docuit
1243 2374 1423 2441 coelestibus

471 2474 725 2550 adscribendum,
742 2472 961 2537 fraudulenter
981 2473 1026 2537 sic
1048 2475 1115 2560 agit
1131 2489 1247 2556 tecum,
1263 2490 1299 2541 ut
1323 2499 1422 2562 quum

467 2579 519 2641 ¹his
541 2580 624 2640 notis
646 2575 828 2662 resperserit
856 2587 1046 2651 creaturam,
1068 2576 1173 2661 ipsum
1202 2588 1357 2641 creaturae
1379 2579 1424 2642 sic

470 2678 602 2744 infamet
631 2690 803 2742 auctorem.
853 2679 1019 2739 Postremo
1052 2677 1207 2742 animulas
1237 2679 1422 2744 miserorum

468 2779 582 2845 fraude
602 2779 761 2865 deceptas,
777 2776 1007 2842 inevitabilium
1028 2778 1177 2843 vaticinio
1191 2778 1375 2847 futurorum
1390 2782 1423 2847 iu

469 2884 613 2949 elationis
628 2895 782 2946 tumorem
800 2882 1002 2965 suspendere,
1019 2882 1069 2945 vel
1089 2883 1317 2969 desperationis
1330 2886 1424 2972 abys-

471 3007 541 3049 sum
560 2984 771 3069 praecipitare‚
786 2981 945 3047 dementia
960 2999 1018 3049 est.
1055 2987 1156 3049 Porro
1175 2985 1260 3050 hunc
1281 2985 1423 3051 fructum

470 3086 620 3149 mathesis
635 3106 701 3147 suae
712 3083 878 3167 horoscopi
893 3083 1042 3159 afferunt,
1052 3096 1083 3148 et
1099 3083 1235 3168 planetis
1246 3088 1312 3151 suis
1323 3091 1424 3173 magis

467 3186 604 3263 erronei,
618 3186 695 3249 dum
712 3208 731 3248 a
746 3184 874 3248 scientia
889 3184 1017 3269 pietatis
1037 3185 1229 3264 exorbitant,
1244 3185 1338 3273 longa
1351 3212 1424 3273 per·

472 3301 678 3373 vestigatione
713 3288 887 3371 signorum,
916 3309 990 3349 cum
1019 3310 1068 3363 eo,
1098 3288 1155 3372 qui
1189 3292 1282 3373 quasi
1312 3289 1424 3353 lucifer

471 3388 647 3453 matutinus
657 3388 828 3461 oriebatur,
842 3387 1038 3451 descendunt
1053 3390 1087 3452 in
1098 3388 1255 3452 infernum
1268 3390 1422 3469 viventes,

470 3490 612 3575 aliosque
627 3489 728 3552 ruinoe
743 3511 808 3551 suae
825 3489 996 3574 participes
1010 3488 1158 3553 efficiunt.
1194 3491 1255 3553 Sed
1272 3491 1347 3556 dum
1364 3492 1424 3559 tibi

471 3592 546 3656 talia
561 3604 795 3677 proponuntur,
810 3590 859 3652 vel
875 3605 1094 3676 opponuntur,
1110 3591 1187 3677 quid
1204 3592 1301 3657 iacis?
1323 3594 1424 3659 Rides

465 3694 629 3781 equidem,
652 3705 684 3757 et
710 3692 803 3757 nimis
828 3691 916 3755 uncis
941 3692 1072 3757 naribus
1097 3691 1257 3777 indulges,
1283 3694 1424 3760 ludibrio

468 3798 589 3860 habens
604 3795 836 3880 simplicitatem
849 3793 935 3873 fidei,
948 3793 1146 3879 recurrisque
1158 3796 1197 3859 ad
1214 3796 1422 3882 providentiae

472 3897 588 3972 sinum,
610 3909 642 3961 et
661 3910 692 3960 te
714 3895 745 3959 in
768 3895 919 3980 abyssum
943 3894 1178 3959 inscrutabilem
1201 3898 1294 3979 quasi
1316 3897 1424 3960 Antus

471 3996 550 4057 alter
567 4008 653 4058 totus
668 3995 837 4078 immergis.
883 3998 1002 4059 Lucem
1025 3995 1269 4060 inaccessibilem
1287 3996 1423 4082 posuisti

471 4093 629 4177 refugium
647 4107 751 4172 tuum,
765 4109 797 4156 et
820 4094 893 4158 inde
915 4095 990 4159 fidei
1011 4098 1220 4161 rusticitatem
1241 4096 1423 4181 impugnas,

468 4220 507 4260 ac
530 4195 554 4257 si
577 4196 649 4257 sons
672 4194 811 4259 veritatis
829 4195 1103 4281 propugnaculum
1128 4196 1168 4260 sit
1189 4197 1312 4261 erroris.
1359 4198 1422 4261 Sed

468 4311 547 4377 estu,
563 4309 698 4359 veterem
722 4295 804 4359 banc
825 4296 1033 4378 providentiae
1052 4297 1212 4383 querelam
1233 4300 1338 4385 sopire
1357 4322 1422 4363 non

461 4420 608 4490 pomum,
635 4410 666 4460 et
693 4395 792 4460 nodos
815 4397 957 4461 omnium
985 4400 1190 4485 quaestionem
1215 4400 1335 4465 solvere
1359 4423 1422 4467 non
1480 4443 1485 4450 ·
