3575 5575
507 746 548 803 72
768 756 904 800 Joaurus
920 756 1197 801 saansaanmusrs
1321 740 1404 819 [nm.
1422 760 1461 804 11.

507 907 757 992 praetendebant,
774 918 810 971 ut
826 907 857 969 in
873 930 1050 993 aequoque
1070 907 1212 972 beneficii
1232 908 1314 989 loon,
1328 931 1459 974 conver·

507 1021 610 1073 terent
634 1008 744 1085 scelus,
762 1031 827 1094 quo
848 1008 965 1073 scilicet
987 1008 1182 1074 cruciatibus
1205 1009 1299 1075 famis
1319 1010 1459 1074 velocius

507 1110 765 1184 absolverentur;
797 1109 851 1173 sed
875 1131 958 1173 novo
980 1109 1179 1175 crudelitatis
1203 1134 1328 1195 genere,
1349 1134 1458 1176 necem

507 1234 602 1297 quam
642 1225 753 1297 sponte
782 1211 971 1287 inferebant,
1002 1212 1027 1274 si
1057 1224 1259 1295 rogarentur,
1286 1213 1457 1299 negabant.

506 1316 615 1387 Quum
639 1334 744 1379 tamen
769 1313 991 1399 unusquisque
1009 1313 1224 1379 deficientium
1241 1337 1315 1380 cum
1333 1316 1455 1401 gemitu

505 1429 703 1501 retorqueret
718 1416 825 1482 oculos
840 1416 880 1479 ad
897 1415 1063 1501 templum,
1079 1437 1142 1479 non
1158 1415 1199 1480 de
1213 1429 1313 1483 morte
1327 1418 1458 1504 propria

505 1518 625 1595 dolens,
650 1518 704 1581 sed
731 1518 771 1581 de
797 1516 989 1603 impunitate
1013 1516 1214 1603 praedonum,
1240 1541 1322 1605 quos
1347 1542 1457 1605 super·

503 1624 593 1685 stites
607 1620 837 1705 relinquebant.
884 1620 930 1683 Et
947 1619 1052 1704 primo
1075 1619 1206 1706 quidem
1222 1633 1352 1706 sumptu
1373 1621 1454 1706 pub·

502 1723 574 1800 lico,
591 1723 722 1810 sepelire
744 1734 887 1787 mortuos
905 1722 1079 1806 jusserant,
1099 1722 1222 1787 l'oetoris
1243 1722 1454 1788 intolerantia.

503 1828 550 1890 Ut
578 1850 652 1890 vero
678 1848 800 1890 omnem
833 1838 974 1888 sumtum
1001 1827 1100 1910 coepit
1126 1827 1250 1888 vincere
1279 1824 1455 1891 multitudo

502 1928 715 2004 morientium,
741 1927 782 1990 de
808 1949 899 1991 muro
925 1926 1080 1990 cadavera
1108 1927 1361 2013 praecipitabant.
1410 1932 1453 1992 At

502 2052 602 2114 quum
613 2030 711 2093 Titus
720 2028 908 2093 circumiens
918 2028 1101 2113 pervidisset
1112 2028 1247 2115 repletas
1256 2042 1452 2094 mortuorum

501 2130 707 2195 cadaveribus
729 2129 834 2205 valles,
851 2144 883 2195 et
906 2130 1037 2194 humani
1060 2133 1199 2217 corporis
1221 2130 1296 2195 tabo
1317 2129 1452 2217 patriam

500 2246 616 2298 terram
633 2233 741 2320 rigari,
757 2256 829 2297 cum
845 2232 966 2317 ingenti
982 2232 1117 2318 gemitu,
1133 2234 1263 2298 elevatis
1276 2234 1317 2297 ad
1335 2233 1451 2298 eoelum

500 2334 667 2398 manibust
698 2338 802 2398 Deum
826 2334 956 2399 invocat
979 2346 1104 2414 testem,
1119 2334 1179 2397 hoc
1201 2338 1250 2400 sui
1272 2358 1367 2399 causa
1389 2358 1452 2399 non

499 2439 676 2520 provenire,
704 2438 759 2500 sed
785 2458 817 2498 se
842 2436 903 2499 ista
930 2434 1083 2498 sustinere
1109 2435 1255 2501 inritum.
1308 2439 1353 2501 Et
1379 2450 1451 2523 post

498 2538 663 2623 aliquanta
679 2541 796 2601 iterum
808 2538 831 2599 J
833 2536 971 2622 osephus
983 2536 1059 2600 talia
1074 2537 1221 2623 quaedam
1239 2539 1451 2623 prosequitur.

500 2639 571 2703 Non
584 2640 767 2718 cunctabor,
778 2638 896 2724 inquit,
908 2638 1051 2724 prolerre
1062 2639 1147 2723 quod
1161 2639 1272 2703 sentio.
1303 2642 1450 2706 Arbitror

497 2746 579 2810 enim
604 2744 691 2832 quod
708 2745 815 2824 etiarn,
831 2743 856 2807 si
879 2742 1030 2808 adversus
1046 2741 1159 2829 impios
1181 2743 1277 2821 cives,
1292 2747 1451 2810 Romano-

495 2872 566 2914 rum
587 2849 750 2935 paulisper
772 2869 859 2912 arma
881 2859 1064 2922 cessassent,
1080 2858 1136 2910 aut
1159 2846 1249 2911 hiatu
1273 2859 1377 2925 terrm,
1394 2861 1450 2914 ant

496 2973 590 3032 aquae
605 2947 738 3028 diluvio,
753 2963 809 3013 aut
825 2947 1041 3031 sodomitanis
1056 2949 1198 3033 ignibus,
1214 2962 1247 3014 et
1261 2949 1450 3015 fulminibus

495 3051 622 3115 coelitus
647 3050 750 3130 tortis,
777 3049 968 3136 supplicium
997 3051 1108 3115 civitas
1136 3051 1349 3137 dependisset,
1374 3077 1448 3139 quae

496 3152 597 3217 multo
622 3152 841 3216 infaustiorem
867 3152 1020 3239 illisqui
1047 3154 1117 3219 haec
1142 3153 1285 3240 perpessi
1310 3169 1395 3234 sunt,
1417 3165 1450 3220 et

494 3256 676 3339 nequiorem
693 3253 834 3317 virorum
858 3267 1045 3339 praesentem
1061 3253 1143 3318 hanc
1165 3252 1350 3338 protulisset
1372 3268 1448 3319 aeta-

494 3371 567 3437 tem,
584 3379 643 3440 pro
659 3355 776 3440 quibus
789 3357 892 3420 omnis
906 3379 984 3442 gens
1006 3357 1127 3442 pariter
1148 3367 1323 3419 mereretur
1344 3357 1446 3420 extin-

491 3459 559 3544 gui.
607 3457 668 3522 Sed
690 3458 720 3521 in
737 3469 826 3522 sexto
842 3460 924 3524 libro
946 3459 986 3523 de
1001 3458 1119 3524 eisdem
1136 3457 1214 3522 talia
1235 3459 1355 3524 scribit.
1399 3465 1446 3526 Et

490 3583 612 3638 eorum,
628 3560 746 3645 inquit,
762 3560 819 3647 qui
841 3585 898 3647 per
920 3569 1018 3626 totam
1042 3560 1202 3625 civitatem
1226 3561 1320 3624 famis
1341 3561 1447 3626 inedia

490 3663 789 3748 corrumpebantur,
809 3662 986 3728 multitudo
1009 3663 1250 3728 innumerabilis
1271 3678 1350 3744 erat,
1366 3687 1445 3748 quo·

489 3790 559 3830 rum
576 3789 633 3830 nec
648 3764 800 3851 explicari
816 3765 941 3829 miseria
956 3779 1071 3852 potest.
1120 3768 1182 3832 Per
1201 3767 1343 3853 singulas
1358 3789 1445 3830 nam-

489 3891 552 3953 que
567 3867 689 3944 domos,
706 3867 809 3932 sicubi
825 3867 947 3954 aliquid
963 3868 1076 3932 fuisset
1091 3869 1155 3932 cibi
1170 3881 1344 3954 repertum,
1361 3866 1445 3931 bella

489 3955 649 4048 continuo,
671 3983 703 4033 et
726 3973 828 4034 caedes
849 3971 934 4034 inter
951 3994 1053 4049 caros,
1069 3972 1220 4057 ipsosque
1242 3980 1389 4055 parentes
1408 3993 1444 4033 ac

488 4069 605 4133 liberos
627 4074 847 4147 nascebantur,
864 4073 942 4135 dum
965 4095 1026 4135 non
1053 4072 1189 4135 solume
1211 4070 1370 4145 manibus,
1387 4071 1441 4133 sed

488 4195 526 4234 ex
543 4170 620 4255 ipsis
636 4171 728 4234 etiam
746 4172 904 4251 faucibus,
920 4173 1053 4237 invicem
1079 4172 1186 4236 cibum
1212 4194 1323 4256 rapere
1346 4183 1445 4236 certa-

487 4275 573 4337 bant.
621 4271 717 4337 Fides
742 4288 849 4339 autem
875 4300 933 4340 nec
959 4275 1092 4339 mortuis
1114 4288 1200 4348 erat;
1236 4274 1290 4338 sed
1313 4286 1345 4339 et
1369 4272 1443 4359 ipsi,

486 4400 585 4463 quum
598 4377 665 4464 jam
678 4378 822 4463 spiritum
834 4380 1030 4457 exhalarent,
1040 4378 1321 4466 perscrutabantur
1331 4400 1350 4441 a
1361 4399 1444 4464 prae-
