3575 5575
653 238 1035 495 balaam
1094 247 1098 254 ²

493 817 557 879 168
750 832 886 878 scsuvrs
901 831 1181 880 senssnnnmnsrs
1299 817 1382 898 [nro.
1399 839 1451 884 ur.

493 983 598 1066 batur,
613 982 787 1068 extinguat.
835 984 888 1050 Ad
903 983 974 1048 haec
995 975 1176 1050 auditorum
1199 1007 1292 1051 aures
1312 987 1451 1064 obturat,

494 1107 535 1150 ne
551 1085 684 1150 audiant
698 1109 828 1164 verum3
858 1109 923 1174 quo
939 1087 1018 1174 quid
1033 1087 1131 1173 possit
1150 1110 1219 1153 csse
1233 1088 1451 1175 perniciosius,

494 1210 557 1252 non
573 1188 665 1253 facile
680 1188 827 1253 dixerim.
859 1189 983 1254 Scitum
997 1199 1047 1254 est
1059 1188 1141 1254 illud
1157 1190 1262 1268 Laelii,
1278 1202 1334 1256 aut
1347 1191 1453 1276 potius

495 1289 676 1356 Ciceronis:
705 1292 806 1376 Cujus
821 1313 914 1356 aures
929 1290 1046 1355 clausae
1060 1304 1135 1356 sunt
1149 1291 1275 1357 veritati
1290 1302 1327 1357 ut
1340 1314 1452 1357 verum

493 1393 605 1458 audire
625 1415 689 1460 non
710 1394 819 1480 possit,
832 1395 912 1478 ejus
934 1393 1019 1458 salus
1040 1394 1238 1479 desperanda
1258 1407 1316 1461 cst
1363 1395 1451 1471 Quid

493 1517 567 1560 vero
582 1495 743 1560 infidelius
759 1518 856 1584 quarn
878 1518 965 1572 eum,
982 1495 1034 1560 cui
1050 1489 1148 1561 fidem
1169 1498 1298 1574 debeas,
1313 1497 1451 1562 circum-

492 1599 600 1662 venire
624 1597 795 1663 verborum
820 1598 997 1678 blanditiis,
1020 1599 1158 1664 ludibrio
1183 1599 1320 1677 babitus,
1342 1612 1451 1685 gestus

491 1701 780 1787 transfiguratione,
806 1712 839 1765 st
865 1701 963 1766 totius
991 1702 1140 1771 vanitatis
1164 1701 1323 1768 lenocinio
1348 1726 1450 1768 cxcoe-

492 1816 611 1882 catum,
627 1805 660 1868 in
677 1805 785 1869 sordes
800 1804 949 1869 vitiorum
958 1804 1127 1890 impellere
1143 1817 1176 1871 et
1191 1806 1450 1892 praecipitationis

492 1905 666 1992 abyssum?
699 1905 788 1981 Quid
817 1906 968 1971 odibilius
993 1907 1105 1973 fraude
1131 1902 1273 1987 atriolo,
1300 1931 1364 1995 quo
1388 1910 1449 1974 sub

492 2009 632 2093 imagine
647 2009 763 2072 amoris
778 2021 811 2072 et
825 2008 911 2086 fidei,
928 2009 961 2072 in
982 2009 1159 2096 simplicem
1174 2023 1208 2076 et
1222 2010 1389 2076 credulum
1403 2023 1447 2089 et,

492 2110 579 2197 quod
609 2109 828 2174 detestabilius
856 2121 915 2184 est,
939 2110 1090 2189 amicum,
1115 2113 1258 2198 perlidiae
1284 2125 1318 2179 et
1342 2115 1449 2179 iuimi-

494 2214 640 2278 citiarum
668 2212 812 2300 nequitia
838 2215 1029 2280 exercetur?
1067 2216 1139 2280 Hoc
1164 2217 1321 2304 siquidem
1346 2241 1448 2303 genus

492 2314 659 2379 hominum
682 2315 790 2380 omnia
805 2315 1005 2402 loquentium
1024 2317 1064 2382 ad
1081 2318 1287 2404 voluptatem,
1303 2320 1345 2384 ad
1367 2321 1449 2384 veri·

492 2429 591 2482 tatem
614 2416 703 2483 nihil.
749 2418 858 2482 Verba
875 2419 938 2484 oris
959 2419 1028 2504 ejus
1050 2419 1201 2507 iniquitas
1222 2432 1256 2485 et
1272 2420 1375 2500 dolus,
1391 2422 1447 2509 qui

492 2520 589 2584 etiam
612 2520 790 2585 errantibus
811 2521 932 2600 amicis,
946 2511 988 2585 ad
1010 2545 1121 2586 eorum
1139 2523 1376 2588 subversionem
1398 2525 1448 2588 in-

491 2621 644 2707 geminat,
657 2645 750 2710 euge,
765 2645 857 2708 euge.
904 2624 995 2700 Quos
1010 2637 1045 2688 ut
1061 2623 1186 2711 plenius
1205 2627 1338 2703 noveris,
1356 2627 1446 2694 Gna·

491 2725 622 2791 thonem
646 2727 731 2813 opud
749 2726 917 2793 Comicum
940 2726 1022 2806 vide,
1038 2741 1072 2793 ct
1092 2728 1170 2815 quid
1192 2729 1233 2794 de
1255 2752 1290 2795 se
1311 2729 1448 2797 fateatur

489 2829 646 2896 ausculta.

562 2938 655 3005 Negat
665 2940 731 3007 quis,
743 2958 820 3007 nego,
832 2944 878 3006 ait,
891 2943 941 2995 sio.
959 2930 962 2936 ¹
980 2928 1102 3012 Denique
1111 2945 1235 3015 imperavi
1246 2952 1351 3014 egomet
1361 2947 1436 3012 mibi,

469 2994 472 3100 l
492 3048 494 3055 ·
562 3022 659 3075 Omnia
671 3027 808 3077 assentari.

878 3278 969 3344 Rides,
981 3282 1077 3353 majore
1088 3282 1211 3341 cachinno

478 3354 480 3361 ¹
562 3362 726 3425 Concubitum
744 3362 800 3427 flet,
812 3364 834 3414 si
846 3363 993 3433 lachrymas
1003 3369 1142 3438 conspexit
1153 3369 1238 3432 amici,

562 3448 619 3500 Neo
632 3447 719 3500 dolet:
738 3447 880 3515 igniculum
892 3450 915 3501 si
927 3451 1024 3504 brumae
1038 3461 1155 3523 tempore
1166 3472 1265 3524 poscas,

454 3586 459 3631 Ι
480 3556 484 3569 »
563 3533 666 3604 Accipit
677 3532 870 3599 endromidem
888 3536 911 3587 si
924 3536 1021 3590 dixeris
1032 3540 1137 3602 AEstuo,
1149 3540 1236 3591 sudat.

454 3164 473 3585 s
494 3142 578 3207 Tota
593 3142 679 3206 enim
695 3143 960 3226 gnathonicorum
977 3147 1082 3225 factio,
1098 3150 1254 3214 comoedia
1269 3163 1326 3217 est.

495 3650 592 3714 Unde
611 3648 795 3713 Umbricius
810 3649 925 3737 inquit,

561 3760 623 3813 Non
635 3778 723 3813 sumus
734 3778 798 3828 ergo
807 3779 898 3832 pares:
915 3762 1006 3816 melior
1017 3767 1061 3833 qui
1073 3783 1184 3840 semper,
1195 3776 1223 3823 ct
1234 3775 1304 3824 omni

563 3846 649 3899 Nocte
662 3847 757 3915 dieque
769 3853 856 3918 potest
868 3848 982 3911 alienum
994 3867 1095 3906 sumere
1106 3855 1215 3921 vultum,

562 3930 588 3981 Α
600 3930 666 3984 facie
674 3933 774 4003 jactare
786 3950 886 3999 manus,
897 3933 1004 3988 laudare
1015 3944 1130 4008 paratus,

561 4017 589 4066 Si
601 4016 669 4068 bens
680 4019 797 4078 ructavit,
812 4025 858 4072 sut
869 4021 890 4072 si
903 4021 965 4088 quid
976 4019 1038 4073 fecit
1049 4026 1148 4077 amicus

561 4100 639 4162 Quod
650 4100 763 4170 proferre
775 4102 860 4173 palam
871 4123 921 4157 non
934 4107 1016 4177 possit
1025 4106 1116 4174 lingua
1126 4110 1251 4163 modeste.

493 4219 589 4295 Quod
605 4219 733 4306 quidem
753 4242 814 4285 non
831 4224 927 4288 modo
942 4225 1056 4303 amico,
1068 4228 1128 4291 -sed
1142 4250 1184 4292 ne
1199 4229 1301 4295 libero
1315 4231 1445 4300 homine

488 4322 625 4407 dignum
649 4332 707 4398 cst,
725 4344 823 4409 quum
849 4348 922 4390 vera
944 4338 978 4391 et
997 4329 1091 4392 unica
1115 4329 1246 4395 libertas
1268 4332 1300 4397 iu
1324 4333 1448 4401 virtutis

492 4424 629 4511 speciem
658 4424 759 4505 cadat,
787 4437 820 4493 et
845 4429 1010 4515 turpitudo
1035 4452 1114 4517 quos
1139 4432 1252 4515 inlicit,
1277 4451 1445 4524 postremae
