3575 5575
490 805 551 865 198
733 817 869 862 roanms
884 815 1163 860 saunsnnarnnsrs
1288 795 1370 875 [em.
1387 813 1439 858 111.

487 972 616 1035 cissima
640 971 775 1034 fundum
798 971 908 1047 habet,
931 978 965 1032 et
988 968 1076 1032 brevi
1103 966 1192 1031 exitu
1217 975 1443 1046 congestarum

487 1094 642 1157 aquarum
665 1073 864 1156 quantalibet
885 1072 982 1154 copia
1007 1069 1132 1145 defluit,
1152 1068 1312 1151 fontisque
1338 1069 1441 1130 abuu-

486 1172 597 1237 dantia
612 1174 744 1252 tollitur,
760 1171 962 1236 scaturientis
980 1192 1070 1234 venae
1086 1167 1291 1232 fecunditate
1307 1167 1441 1231 sublata.

487 1274 579 1337 Exili
589 1276 774 1358 plerumque
785 1284 893 1337 meatu
904 1273 1063 1338 inclusum
1078 1269 1177 1350 egerit
1185 1289 1264 1332 urna
1274 1269 1440 1352 liquorem.

488 1375 542 1438 Sic
559 1376 788 1454 minutissimis,
800 1375 876 1438 dum
890 1373 1109 1458 frequentibus
1121 1382 1153 1434 et
1163 1370 1324 1434 continuis
1333 1391 1441 1454 sump-

487 1477 587 1551 tibus,
615 1478 820 1560 amplissimae
850 1475 1083 1538 exhauriuntur
1119 1494 1209 1556 opes,
1239 1483 1271 1536 et
1299 1472 1442 1535 brevium

489 1577 705 1640 subtractione
728 1577 943 1651 minutiarum,
965 1576 1106 1639 maxima
1127 1575 1296 1639 haereditas
1318 1575 1441 1658 expila-

488 1692 539 1740 tur
546 1701 556 1743 ε,
574 1679 638 1742 nisi
652 1679 730 1742 forte
745 1679 898 1762 prodigus
913 1679 1087 1762 pecuniam
1101 1677 1242 1740 inveniat
1255 1677 1436 1740 redivivam.

593 1793 642 1843 Est
651 1791 730 1845 luxus
740 1792 875 1864 populator
886 1810 973 1863 opum,
986 1792 1028 1844 cui
1040 1808 1142 1863 semper
1154 1791 1289 1848 adherens

595 1877 692 1930 Infelix
703 1878 795 1930 humili
807 1895 899 1946 gressu
912 1879 1048 1930 comitatur
1060 1882 1173 1945 egestas.

489 1981 560 2044 Illis
574 2003 649 2062 ergo
665 1981 859 2064 parcendum
872 1995 932 2059 est,
944 2003 1078 2067 quorum
1088 1981 1288 2045 necessarius
1296 1981 1443 2044 imminet

489 2103 578 2156 usus,
593 2092 625 2145 et
637 2081 757 2165 aliquid
773 2082 993 2166 adjiciendum
1016 2091 1065 2146 est
1085 2083 1266 2165 quantitati,
1288 2105 1359 2166 quae
1370 2083 1443 2167 jugi

490 2185 626 2266 partium
642 2180 835 2246 deductione
856 2184 1023 2248 decrescit.
1067 2187 1113 2248 Et
1125 2185 1203 2248 licet
1224 2207 1286 2248 usu
1301 2184 1444 2248 defluant

490 2282 627 2345 unicolae
642 2282 836 2365 patrimonii,
852 2293 977 2366 gratum
993 2297 1040 2366 est
1055 2285 1200 2367 diligenti
1214 2285 1443 2367 patrifamilias,

490 2386 517 2447 si
532 2386 583 2447 vel
594 2384 754 2447 ratiocinii
770 2386 896 2449 calculo
912 2397 1091 2462 teneantur,
1105 2387 1251 2471 peritque
1264 2386 1444 2470 dupliciter,

490 2484 576 2570 quod
592 2486 727 2553 elabitur
741 2487 907 2551 nescienti.
952 2488 1003 2551 Ad
1018 2489 1089 2552 haec

839 2624 905 2679 lueri
917 2625 1000 2678 bonus
1012 2632 1053 2678 est
1064 2625 1126 2678 odor
1137 2643 1172 2679 ex
1183 2645 1211 2680 re

595 2707 730 2771 Qualibet.
766 2709 820 2761 Illa
831 2715 876 2762 tuo
888 2711 1019 2765 sententis
1030 2729 1132 2784 semper
1143 2713 1168 2765 in
1182 2729 1225 2769 ore

594 2796 732 2861 Versetur,
745 2795 806 2849 Diis
817 2802 897 2867 atque
909 2798 965 2869 ipso
977 2799 1041 2852 Jove
1053 2800 1144 2867 digna,
1152 2804 1250 2873 poetae:

594 2885 612 2913 ‘⁴
625 2881 705 2933 Unde
715 2881 813 2934 habeat
825 2884 918 2953 quaerit
929 2902 1015 2949 nemo,
1028 2885 1074 2938 sed
1087 2892 1188 2957 oportet
1198 2887 1331 2941 heberei*

490 3020 530 3081 In
552 3018 603 3083 his
626 3018 758 3101 quidem
779 3020 906 3098 versari,
930 3033 979 3085 est
1003 3022 1146 3089 arctioris
1175 3025 1283 3107 gratiae
1314 3027 1443 3091 funibus

490 3119 610 3183 vincire
637 3120 778 3197 divitem,
804 3120 883 3184 licet
905 3123 1112 3188 versibilitate
1138 3126 1260 3207 ingenii
1284 3128 1443 3192 lubricum

488 3222 605 3286 Protea
634 3222 747 3288 vincat
794 3224 859 3285 Aut
887 3225 915 3288 si
945 3226 1087 3289 veritatis
1118 3226 1228 3295 deficit
1257 3230 1366 3309 gratia,
1393 3232 1443 3293 rel

489 3323 647 3387 ulterioris
670 3325 891 3389 familiaritatis
915 3325 1073 3390 exhibitio
1101 3337 1236 3392 constat.
1282 3328 1444 3394 Caeterum

489 3423 566 3486 licet
596 3434 764 3510 utmmque
786 3448 852 3490 non
873 3428 979 3510 possis
1002 3427 1138 3509 assequi,
1162 3437 1193 3490 et
1214 3448 1317 3491 rerum
1339 3431 1443 3514 priva·

488 3535 592 3587 tarum
608 3526 897 3609 participationem,
908 3538 941 3593 et
951 3530 1066 3597 calculi
1076 3530 1254 3607 cautiones,
1270 3542 1301 3597 te
1314 3536 1443 3599 secretis

487 3625 607 3707 ingere,
637 3624 748 3710 quavis
777 3638 852 3693 arte.
898 3632 948 3698 An
978 3630 1086 3693 nescis
1113 3632 1201 3715 quod
1227 3634 1284 3719 qui
1306 3647 1444 3719 pergunt

488 3728 570 3811 ipsis
587 3726 838 3811 Imperatoribus
852 3730 1018 3815 imperare,

595 3850 668 3904 Scire
680 3851 769 3906 volunt
780 3856 881 3905 secreta
893 3853 994 3919 domus,
1008 3860 1087 3925 atque
1100 3854 1161 3910 inde
1172 3856 1279 3913 timeri?

490 3963 536 4027 Et
565 3985 629 4046 quo
659 3964 834 4029 studiosius
864 3970 1078 4047 occultantur,
1100 3993 1138 4035 eo
1162 3969 1347 4053 diligentius
1369 3983 1443 4036 sunt

489 4064 726 4145 perscrutanda.
772 4069 901 4152 Nempe

594 4184 677 4235 Carus
690 4186 741 4238 erit
752 4188 840 4254 Verri,
853 4191 898 4258 qui
910 4189 1030 4257 Verrem,
1043 4197 1158 4265 tempore
1171 4211 1221 4263 quo
1231 4195 1296 4261 vult,

596 4270 727 4323 Accusare
738 4279 833 4343 potest.

491 4384 525 4446 Si
541 4393 648 4448 tamen
664 4384 746 4451 inter
761 4389 862 4454 malos
882 4392 996 4455 caritas
1011 4401 1066 4455 aut
1082 4393 1222 4463 amicitia
1236 4417 1306 4463 esse
1322 4408 1445 4484 potest3
