3575 5575
347 872 422 920 can.
439 857 527 938 vnn]
695 876 947 922 rosrcaarrcns.
1236 861 1299 919 245

344 1046 445 1108 quum
460 1025 662 1111 exigentibus
672 1027 775 1113 culpis
787 1027 926 1092 vindicta
937 1024 1129 1114 exposcitur,
1140 1047 1178 1089 ea
1192 1039 1299 1090 tamen

344 1125 468 1210 peragit
490 1127 591 1193 invita
610 1127 733 1194 dextra.
778 1128 942 1194 Sinistram
961 1149 1099 1213 namque
1118 1149 1180 1190 non
1200 1125 1297 1190 habet

343 1225 501 1313 princeps,
518 1242 550 1294 et
571 1228 603 1293 in
623 1230 765 1294 cruciatu
790 1231 1005 1294 membrorum
1028 1233 1178 1314 corporis,
1201 1228 1294 1314 cujus

337 1323 410 1410 ipse
419 1342 517 1415 caput
525 1341 586 1405 est,
598 1329 661 1415 legi
672 1330 773 1395 tristis
783 1343 816 1395 et
824 1353 954 1416 gemens
964 1330 1147 1395 famulatur.
1170 1328 1292 1416 Philip·

260 1428 263 1434 '
342 1447 404 1510 pus
418 1451 518 1512 quum
533 1429 674 1494 audisset
692 1430 840 1516 Phytiam
857 1429 1017 1515 quendam
1031 1431 1152 1495 bonum
1167 1451 1294 1515 pugna·

341 1536 453 1602 torem,
464 1527 636 1592 alienatum
652 1529 758 1592 animo
772 1529 845 1610 sibi,
855 1528 943 1614 quod
959 1541 1024 1594 tres
1038 1528 1117 1592 filias
1130 1529 1223 1612 inops
1238 1528 1291 1593 vix

341 1625 450 1706 aleret,
464 1651 521 1693 nec
535 1651 554 1693 a
568 1652 643 1716 rege
662 1629 880 1714 adjuvaretur,
895 1631 1098 1695 monentibus
1117 1628 1241 1710 amicis,
1256 1641 1294 1696 ut

341 1751 414 1792 eum
440 1744 582 1798 caveret:
618 1731 717 1811 Quid,
742 1729 848 1819 inquit
878 1732 1060 1820 Philippus,
1086 1731 1111 1796 si
1141 1730 1289 1796 haberem

339 1842 462 1914 partem
478 1833 617 1920 corporis
634 1857 764 1920 oegram,
778 1834 1050 1900 abscinderem-ne
1064 1833 1182 1921 potius,
1196 1856 1292 1919 quam

340 1937 507 1997 curarem?
538 1933 664 1999 Deinde
685 1934 881 2000 familiariter
904 1947 1024 2000 secreto
1042 1933 1181 1999 elicitum
1205 1934 1293 2021 Phy-

340 2035 430 2110 tiam,
446 2049 575 2121 accepta
589 2035 777 2101 difficultate
796 2034 1016 2102 necessitatum
1036 2034 1293 2116 domesticarum,

340 2132 474 2217 pecunia
489 2133 679 2200 sufficienter
693 2135 858 2214 instruxit,
874 2157 911 2198 ac
925 2134 1084 2199 meliorem
1101 2134 1290 2200 fideliorem·

338 2257 402 2319 que
413 2233 536 2317 habuit,
545 2259 642 2324 quarn
651 2238 757 2302 fuerat
766 2250 938 2323 antequam
950 2237 1131 2303 crederetur
1141 2233 1290 2304 offensus.

339 2335 385 2400 Ut
402 2335 545 2402 enimait
566 2336 700 2416 Lucius,
714 2337 896 2422 Principem
916 2359 1020 2400 senem
1041 2336 1184 2402 moribus
1205 2350 1289 2402 esset

337 2450 476 2522 oportet,
488 2453 519 2503 et
535 2439 591 2525 qui
603 2437 814 2504 moderatiora
828 2450 982 2523 sequatur
996 2437 1135 2517 consilia,
1145 2449 1177 2503 et
1188 2438 1290 2504 vicem

336 2561 446 2622 gerere
460 2539 666 2622 medicorum,
677 2541 735 2627 qui
751 2542 880 2606 morbos
893 2552 1018 2618 curant,
1031 2563 1116 2605 nunc
1130 2561 1171 2605 ex
1186 2541 1290 2606 inani·

338 2641 424 2707 tione
434 2641 467 2705 in
483 2645 629 2728 oppletis,
638 2665 723 2709 nunc
733 2643 904 2707 refectione
913 2641 945 2705 in
958 2640 1082 2715 vacuis3
1104 2653 1137 2705 et
1148 2641 1288 2708 dolorem

336 2741 447 2806 sedant
463 2764 548 2806 nnnc
563 2743 714 2818 cauterio,
730 2763 814 2807 nunc
828 2741 989 2807 fomentis.
1027 2742 1187 2807 Praeterea
1202 2739 1292 2809 sitin

337 2847 436 2907 verbo
449 2843 595 2921 affabilis,
606 2844 773 2910 munificus
787 2845 820 2908 in
835 2842 1008 2920 beneficiis,
1020 2855 1052 2908 et
1067 2841 1200 2927 integrm
1214 2867 1290 2911 auc-

336 2943 484 3024 toritatis,
499 2957 602 3010 servet
616 2948 649 3009 in
665 2946 807 3011 moribus
821 2945 1020 3030 dignitatem.
1053 2945 1185 3009 Famam
1201 2967 1288 3011 nam-

337 3069 402 3131 que
432 3046 636 3133 benignitatis
664 3046 810 3111 conciliat
843 3069 947 3111 sermo
975 3046 1088 3126 bonus,
1116 3059 1148 3111 et
1178 3046 1289 3133 lingua

335 3148 483 3232 gratiosa.
528 3153 676 3216 Amorem
696 3148 914 3214 fidelissimum
934 3160 966 3214 et
988 3147 1288 3228 constantissimum,

334 3248 430 3311 etiam
457 3272 475 3312 a
502 3248 684 3313 durioribus
713 3261 907 3334 extorquent
937 3248 1102 3325 beneficia,
1128 3261 1160 3311 et
1190 3270 1286 3334 quem

333 3350 446 3426 secere,
456 3351 567 3417 fovent
578 3364 610 3416 et
622 3352 769 3417 solidant.
797 3352 842 3414 Et
853 3372 978 3415 morum
990 3349 1140 3435 dignitati
1151 3349 1288 3419 debetur

332 3451 509 3516 reverentia
532 3453 745 3517 subditorum.
789 3453 930 3539 Egregie
953 3450 1083 3537 quidem
1112 3452 1284 3538 Trajanus,

332 3550 500 3637 gentilium
537 3555 679 3640 optimus
708 3559 951 3638 Augustorum,
970 3554 1177 3640 arguentibus
1211 3578 1284 3621 enm

334 3651 453 3728 amicis,
476 3650 565 3736 qnod
588 3653 620 3714 in
647 3675 756 3716 omnes
776 3653 923 3729 nimium,
946 3666 978 3718 et
1001 3653 1204 3738 ultraquam
1227 3655 1286 3720 im·

332 3764 510 3837 peratorem
541 3751 667 3832 deceat,
692 3752 868 3817 communis
898 3767 990 3832 esset,
1019 3752 1203 3837 respondit:
1244 3756 1285 3818 Se

334 3856 429 3917 talem
452 3850 532 3915 velle
553 3850 777 3936 imperatorem
801 3874 868 3917 esse
889 3851 1035 3936 privatis,
1051 3851 1162 3936 quales
1185 3851 1284 3937 impe·

334 3966 455 4019 ratores
477 3953 538 4017 sibi
560 3975 637 4030 esse,
653 3951 799 4038 privatus
819 3965 971 4039 optasset.
1018 3949 1113 4017 Unde
1127 3964 1158 4016 et
1182 3953 1284 4021 relatu

334 4054 430 4121 Plinii
457 4054 595 4120 Secundi
624 4052 818 4131 admonitus,
844 4054 901 4139 qui
933 4064 1010 4116 tunc
1040 4052 1124 4117 inter
1153 4068 1284 4127 caeteros

330 4157 455 4240 judices
470 4169 683 4244 persequutor
706 4154 860 4219 Ecclesia
882 4155 1059 4221 destinatus
1074 4170 1152 4233 erat,
1168 4180 1188 4221 a
1209 4182 1284 4227 nece

334 4270 511 4343 martyrum
534 4256 789 4344 persequutionis
806 4256 949 4342 gladium
966 4279 1126 4338 revocans,
1142 4259 1283 4327 edictum

334 4359 532 4444 temperavit.
569 4360 613 4424 Et
625 4360 708 4423 forte
718 4382 792 4423 cum
804 4358 953 4426 fidelibus
965 4359 1079 4443 egisset
1092 4360 1210 4438 mitius,
1223 4362 1283 4427 nisi

332 4458 528 4527 decessorum
542 4483 671 4526 suorum
687 4462 811 4547 legibus
822 4475 854 4527 et
867 4460 1031 4547 exemplis,
1042 4474 1074 4526 et
1085 4462 1282 4547 prudentum
