3575 5575
481 785 544 844 236
740 800 875 843 tonsura
892 798 1172 844 sanusanmausrs
1293 781 1377 856 [ma.
1394 799 1437 844 1v.

483 947 629 1012 videmur
655 949 841 1014 abscedere:
875 949 947 1014 licet
975 949 1065 1015 nobis
1087 962 1119 1013 et
1142 949 1205 1013 illis
1226 950 1337 1014 eadem
1361 949 1440 1013 fides

483 1052 535 1124 sit,
551 1050 597 1114 ita
612 1063 728 1129 tamen,
745 1063 781 1115 ut
800 1049 888 1135 quod
905 1050 949 1113 illi
966 1049 1112 1115 futurum
1129 1052 1368 1135 exspectabant,
1382 1074 1440 1115 nos

484 1174 525 1215 ex
540 1164 632 1237 parte
647 1174 762 1235 magna
783 1150 981 1238 gaudeamus
1002 1164 1034 1216 et
1051 1175 1236 1217 veneremur
1259 1152 1438 1238 impletum,

484 1253 616 1340 abjectis
630 1267 752 1319 tantum
776 1255 898 1319 umbris
920 1254 1093 1340 figurarum
1116 1277 1157 1319 ex
1180 1277 1245 1341 quo
1263 1256 1376 1319 veritas
1399 1255 1439 1318 de

485 1371 569 1421 terra
583 1370 653 1420 orta
668 1370 726 1427 est,
743 1370 776 1420 et
791 1361 822 1421 in
839 1369 1009 1442 conspectu
1025 1357 1170 1439 gentium
1188 1357 1335 1421 revelata.
1378 1361 1440 1437 Ne,

483 1460 626 1545 inquam,
638 1459 765 1522 illorum
782 1459 874 1542 quasi
890 1458 1002 1538 aliena,
1018 1470 1074 1522 aut
1090 1460 1224 1544 profana
1239 1472 1440 1523 contemnan-

485 1575 539 1627 tur
554 1561 711 1649 exempla,
728 1561 958 1627 Constantinus
973 1573 1090 1640 noster,
1107 1560 1320 1638 Theodosius,
1336 1562 1359 1624 J
1363 1561 1440 1625 usti-

484 1665 609 1739 manus,
625 1673 657 1727 et
673 1663 752 1740 Leo,
768 1674 799 1726 et
814 1661 868 1724 alii
886 1661 1145 1725 Christianissimi
1170 1657 1338 1748 principes,
1355 1661 1440 1747 prin·

484 1766 586 1850 cipem
602 1778 735 1850 possunt
749 1765 908 1829 instruere
924 1764 1154 1830 Christianum.
1194 1768 1231 1828 ln
1248 1787 1286 1827 eo
1301 1785 1439 1849 namque

484 1866 677 1952 praecipuam
705 1888 834 1951 operam
865 1866 997 1942 dabant,
1026 1877 1061 1929 ut
1093 1864 1312 1930 sacratissimae
1343 1865 1438 1951 leges,

485 1992 559 2053 quae
584 1967 807 2051 constringunt
830 1968 972 2031 omnium
997 1967 1089 2048 vitas,
1112 1971 1268 2032 scirentur
1293 1981 1325 2031 et
1353 1980 1438 2031 tene·

485 2081 595 2133 rentur
629 2068 670 2130 ab
707 2065 864 2142 omnibus,
896 2087 953 2129 nec
988 2065 1114 2129 illarum
1151 2078 1232 2129 esset
1266 2065 1438 2150 quisquam

483 2170 626 2254 ignarus,
641 2167 699 2231 nisi
715 2181 772 2232 aut
794 2166 924 2252 publica
943 2167 1082 2232 utilitate
1097 2169 1212 2232 erroris
1234 2167 1437 2254 dispendium

485 2282 713 2357 compensaret,
728 2282 784 2334 aut
807 2268 1007 2334 miseratione
1023 2270 1138 2346 atatis,
1154 2285 1210 2334 aut
1233 2292 1329 2334 sexus
1351 2270 1436 2334 infir-

485 2375 595 2438 mitate
614 2373 766 2457 legitimae
790 2371 972 2435 acerbitatis
996 2375 1094 2437 evitet
1121 2375 1254 2436 aculeos.
1305 2371 1437 2435 Illorum

485 2477 588 2562 itique
602 2487 703 2559 gesta,
719 2474 876 2538 virtutum
893 2474 1099 2538 incitamenta
1114 2488 1207 2538 sunt:
1239 2473 1335 2537 verba
1358 2488 1437 2558 quot

486 2590 573 2654 sunt,
589 2588 636 2641 tot
651 2573 867 2638 institutiones
883 2597 1017 2639 morum.
1061 2576 1208 2661 Denique
1224 2575 1331 2650 vitam,
1348 2575 1436 2639 vitiis

484 2679 664 2765 subjugatis
689 2690 721 2742 et
748 2677 929 2761 captivatis,
956 2679 1047 2764 quasi
1077 2700 1187 2742 arcum
1213 2677 1436 2763 triumphalem

485 2794 702 2846 consecratum
738 2780 928 2866 posteritati,
960 2781 1137 2867 magnificae
1172 2779 1300 2845 virtutis
1336 2778 1439 2845 titulis

484 2893 665 2957 erexerunt,
680 2880 767 2944 fideli
789 2880 984 2944 confessione
1006 2881 1217 2967 praedicantes
1232 2880 1263 2943 in
1280 2880 1437 2957 omnibus,

485 2983 561 3067 quia
575 3005 638 3047 non
650 3005 763 3047 manus
774 2983 907 3061 excelsa,
919 2983 973 3046 sed
988 2984 1145 3048 Dominus
1157 2983 1231 3047 fecit
1244 2983 1312 3046 haec
1323 2984 1439 3046 omnia.

486 3087 532 3149 Et
558 3084 687 3171 quidem
715 3085 944 3150 Constantinus
967 3088 1112 3149 Rouana
1136 3085 1280 3149 Ecclesia
1302 3083 1438 3148 fundata

486 3199 517 3251 et
533 3187 655 3264 dotata,
670 3200 707 3251 ut
722 3200 837 3250 caetera
851 3187 920 3273 ejus
942 3200 1107 3251 taceantur
1131 3188 1269 3271 egregia,
1285 3201 1439 3270 perpetua

486 3286 705 3350 benedictione
729 3286 863 3371 insignis
889 3300 947 3351 est.
1000 3287 1199 3352 Justinianus
1225 3299 1256 3350 et
1289 3290 1352 3348 Leo
1382 3286 1438 3372 qui

485 3386 606 3450 fuerint
618 3410 658 3449 ex
674 3411 711 3450 eo
726 3388 835 3467 claret,
849 3389 937 3473 quod
962 3401 1064 3453 totum
1088 3388 1195 3451 orbem
1222 3387 1439 3452 sacratissimis

487 3488 613 3573 legibus
633 3490 817 3568 enucleatis,
833 3490 926 3577 quasi
946 3489 1105 3576 quoddam
1129 3488 1283 3574 templum
1304 3489 1440 3572 justitia

486 3613 608 3655 sacrare
623 3591 824 3656 studuerunt.
871 3598 954 3657 Nam
971 3592 1011 3656 de
1028 3588 1213 3655 Theodosio
1229 3590 1307 3677 quid
1325 3591 1440 3669 dicam,

486 3716 582 3779 quem
608 3692 660 3757 isti
684 3693 813 3757 virtutis
839 3692 1020 3759 habuerunt
1043 3691 1218 3778 exemplar,
1241 3706 1273 3757 et
1298 3692 1440 3756 Ecclesia

487 3796 549 3872 Dei
573 3798 615 3861 ob
640 3796 805 3881 religionis
828 3809 860 3861 et
881 3780 1019 3883 justitiae
1039 3794 1249 3860 venerabilem
1274 3806 1391 3869 notam,
1408 3806 1439 3857 et

489 3898 706 3962 sacerdotibus
720 3897 949 3983 patientissime
966 3912 1072 3963 tamen
1088 3910 1120 3961 et
1145 3896 1319 3959 humillime
1338 3894 1441 3981 indig-

487 4010 626 4075 nantem,
642 4022 704 4061 non
721 3999 816 4062 modo
841 4013 877 4065 ut
900 4000 1123 4087 imperatorem
1140 4011 1287 4062 venerata
1308 4009 1366 4071 est,
1383 3996 1438 4060 sed

489 4112 525 4163 ut
555 4098 751 4164 antistitem?
793 4102 856 4176 Qui
885 4105 972 4187 leges
1000 4102 1128 4181 tulerat,
1156 4124 1251 4187 quam
1283 4099 1440 4186 patienter

488 4199 562 4265 tulit
593 4200 777 4264 sententiam
809 4203 982 4267 sacerdotis
1013 4203 1269 4267 Mediolanensis.
1301 4202 1371 4264 'Et
1401 4224 1441 4264 ne

488 4306 674 4368 sententiam
691 4303 822 4368 emolliti
838 4304 1028 4390 presbyteri,
1046 4316 1076 4368 et
1094 4303 1292 4390 principibus
1307 4307 1442 4389 applau-

486 4407 591 4472 dentis
607 4406 703 4471 suisse
716 4419 853 4471 teneram
871 4418 977 4491 putes,
990 4430 1009 4471 a
1024 4405 1178 4490 regalium
1193 4428 1251 4469 usu
1269 4426 1442 4489 suspensus
