3575 5575
203 262 959 514 demonstra>

477 744 518 803 66
738 754 873 799 rasurus
888 750 1170 799 sxnssnsnususrs
1310 737 1396 811 [nra.
1412 751 1435 797 1.

480 928 621 993 qnoque,
652 927 728 993 quoe
757 904 861 988 capite
891 902 1093 989 discooperto
1121 901 1250 977 incedit,
1276 901 1434 966 infelicem

479 1005 591 1070 crede:
615 1004 688 1083 nisi,
704 1016 739 1069 ut
756 1004 843 1089 apud
861 1002 1002 1066 Plinium
1018 1002 1147 1086 legitur,
1164 1001 1293 1088 publica
1308 1004 1362 1078 sit,
1377 1014 1433 1067 aut

480 1229 657 1284 occurrere,
684 1227 759 1293 quae
785 1215 892 1269 amoto
913 1208 996 1283 velo,
1016 1216 1114 1288 caput
1141 1226 1234 1268 suum
1261 1202 1434 1288 deturpare

482 1330 545 1372 non
575 1307 742 1372 erubescit.
792 1305 848 1369 Ab
878 1304 928 1367 his
957 1326 1031 1389 quar
1060 1305 1165 1388 primo
1193 1304 1325 1368 audiens
1353 1307 1437 1368 inter

482 1408 584 1493 operis
599 1408 755 1495 cujusque
771 1405 923 1491 auspicia,
938 1404 1015 1489 quid
1032 1417 1186 1489 sequatur
1201 1425 1387 1489 praenosces.

554 1525 624 1577 Hinc
636 1525 711 1577 Dens
722 1523 874 1576 incumbens
884 1520 978 1574 baculo
989 1538 1067 1589 quern
1079 1520 1174 1573 dextra
1185 1520 1302 1588 gerebat,

588 1610 685 1662 Omina
696 1608 838 1680 principiis,
851 1608 929 1671 dixit,
939 1608 1028 1659 inesse
1038 1606 1133 1660 solent.

549 1694 666 1747 Auditae
677 1710 752 1746 voces
764 1692 857 1745 timida
868 1690 1052 1765 perpendimus
1063 1710 1135 1756 aure,

586 1780 623 1833 Et
633 1781 743 1851 primam
754 1780 838 1832 visam
849 1777 961 1831 consulit
972 1795 1055 1845 augur
1066 1795 1151 1832 avem.

482 1883 533 1945 Ea
558 1880 716 1967 siquidem
742 1881 927 1947 futurorum
957 1879 1147 1966 praenostica
1173 1891 1257 1945 sunt.
1302 1880 1434 1946 Petilius

483 1982 594 2046 consul
617 1983 782 2049 Romanus
806 2002 997 2067 oppugnans
1022 1993 1160 2045 castrum
1183 1981 1216 2044 in
1243 1980 1362 2060 Sicilia,
1382 1983 1436 2045 cui

482 2104 598 2146 nornen
624 2084 743 2149 Letum
768 2096 847 2161 erat,
870 2106 971 2168 quum
995 2082 1112 2147 milites
1133 2085 1372 2167 accingerentur
1393 2082 1435 2145 ad

481 2206 634 2270 pugnam,
657 2185 713 2260 ait,
737 2186 811 2270 Ego
836 2184 931 2249 bodie
959 2185 1075 2249 Letum
1098 2187 1230 2270 capiam.
1283 2185 1434 2269 Casuque

483 2289 527 2353 sic
541 2284 667 2367 accidit,
681 2310 782 2372 quum
805 2289 873 2373 ipse
896 2286 1005 2349 eadem
1029 2286 1081 2350 die
1103 2286 1199 2351 suerit
1214 2286 1434 2371 interemptus.

484 2387 576 2453 Alius
591 2410 721 2473 quoque
743 2388 853 2452 consul
875 2411 977 2473 quum
999 2411 1019 2452 a
1041 2401 1152 2452 senatu
1168 2388 1379 2453 destinaretur
1393 2386 1435 2451 ad

482 2489 732 2574 expugnandum
747 2513 852 2575 regem
876 2494 1055 2565 Persarum,
1072 2488 1171 2553 afilia
1193 2511 1289 2575 quam
1304 2488 1335 2551 in
1350 2487 1434 2553 ostio

482 2588 597 2654 domus
625 2590 753 2655 flentem
783 2593 913 2656 obviam
942 2592 1067 2671 babuit,
1097 2612 1223 2654 causam
1264 2589 1432 2675 quaesivit;

482 2714 648 2778 quumque
662 2693 718 2758 illa
733 2694 951 2780 responderet,
967 2697 1096 2757 Persam
1120 2692 1259 2778 periisse,
1277 2692 1336 2771 (sic
1350 2691 1433 2755 enim

480 2795 603 2860 catulus
630 2796 687 2881 qui
712 2797 795 2861 forte
826 2797 975 2883 perierat,
1001 2795 1178 2877 dicebatur)
1209 2794 1372 2881 profectus
1400 2793 1433 2858 in

479 2896 716 2981 expeditionem
738 2898 941 2982 triumphum
964 2919 1026 2960 non
1049 2897 1181 2976 invenit,
1202 2919 1240 2960 eo
1266 2895 1352 2980 quod
1375 2918 1432 2960 rex

481 2984 651 3058 Persarum
680 2995 830 3079 perierat,
860 2996 991 3080 quando
1020 2996 1086 3060 filia
1123 2997 1261 3062 consulis
1288 2997 1432 3062 catulum

483 3094 578 3161 flebat
595 3094 756 3160 amissum.
801 3096 851 3160 Ab
873 3096 950 3182 ipsis
971 3097 1067 3160 etiam
1089 3097 1262 3172 elementis,
1278 3113 1333 3165 aut
1356 3112 1434 3164 tem-

482 3196 568 3280 poris
586 3196 750 3281 qualitate,
766 3220 869 3262 rerum
886 3198 1071 3283 frequenter
1091 3199 1263 3265 trahuntur
1284 3201 1435 3285 auspicia.

481 3297 636 3364 Fortunae
657 3297 819 3378 duritiam,
832 3298 938 3383 gratia
958 3301 1048 3380 roris,
1068 3313 1125 3364 aut
1148 3300 1311 3364 modestus
1332 3302 1434 3367 imber

481 3395 612 3464 emollit.
656 3400 829 3464 Roscidum
853 3401 985 3487 quippe,
1008 3417 1041 3466 et
1067 3401 1269 3488 suppluviale
1294 3416 1433 3489 tempus,

482 3520 600 3583 aerque
636 3498 743 3576 sudus,
773 3500 850 3564 dum
879 3503 985 3585 operis
1020 3503 1178 3589 cujusque
1214 3503 1434 3571 incunctanter

483 3610 589 3664 ortum
612 3602 827 3686 prosequitur,
848 3603 990 3666 creditur
1012 3605 1154 3690 ejusdem
1177 3603 1340 3672 fortunare
1361 3630 1436 3693 pro·

388 3775 392 3784 .
483 3723 616 3766 cessum.
661 3704 770 3776 Quum
786 3702 915 3771 fortuna
934 3727 1008 3788 quae
1031 3705 1190 3790 Phrygios
1204 3707 1312 3772 exules
1326 3707 1436 3770 liventi

480 3801 573 3865 oculo
595 3800 652 3866 diu
675 3802 915 3888 perstrinxerat,
932 3806 1060 3871 tandem
1082 3807 1263 3892 benignius,
1279 3807 1371 3893 quasi
1393 3805 1434 3869 de

453 3959 455 3965 .
481 3906 609 3990 specula
623 3905 747 3988 gratiae,
764 3907 967 3992 respexisset,

588 4019 643 4071 Olli
654 4021 779 4074 eaeruleus
791 4040 867 4094 supra
880 4030 957 4093 caput
968 4025 1071 4076 adstitit
1081 4024 1173 4076 imber.

482 4115 590 4180 Venus
606 4115 759 4200 naufrago
774 4117 851 4193 filio,
867 4117 952 4202 apud
976 4117 1135 4180 Didonem
1159 4119 1333 4206 hospitium
1351 4142 1435 4205 prae·

479 4237 604 4300 parans,
628 4217 762 4280 eundem
785 4217 851 4280 fido
873 4218 993 4280 Achate
1016 4218 1214 4297 comitatum,
1230 4220 1307 4284 dum
1331 4222 1361 4284 in
1386 4247 1433 4286 re-

478 4317 562 4398 ginae
577 4315 711 4398 gratiam
727 4317 955 4396 introduceret,
971 4340 1046 4381 cava
1063 4320 1148 4384 nube
1163 4321 1296 4388 obtexit.
1338 4326 1433 4389 Toni·
