3575 5575
335 843 403 887 err.
421 827 482 906 ιη]
683 843 939 891 ronrcnarrcus.
1222 833 1282 894 271

334 1006 465 1071 rantum,
481 994 582 1058 credit
598 1007 629 1058 et
646 996 796 1079 justum?
828 996 914 1060 Hinc
934 1007 981 1061 est
1001 995 1095 1061 etiam
1115 996 1280 1062 consilium

332 1095 493 1182 sapientis,
517 1095 545 1159 ei
566 1097 624 1183 qui
651 1096 756 1161 timeri
780 1097 914 1183 appetit,
937 1098 1047 1176 amari,
1069 1099 1229 1178 honorari,
1249 1108 1282 1165 et

331 1197 486 1281 preferri,
505 1209 542 1262 ut
563 1202 671 1264 Deum
694 1199 816 1278 timeat,
831 1213 928 1278 amet,
949 1212 1126 1281 veneretur,
1147 1215 1179 1266 et
1201 1201 1230 1266 ei
1250 1223 1282 1267 se

331 1310 398 1364 tota
419 1298 588 1365 devotione
603 1300 782 1367 submittat.
827 1301 1050 1366 Conditionem
1069 1303 1199 1389 quidam
1216 1325 1282 1370 esse

331 1401 498 1478 definiunt,
510 1403 680 1468 fortuitum
695 1423 839 1488 personae
852 1415 983 1482 statum,
995 1427 1059 1489 quo
1073 1417 1128 1470 aut
1141 1406 1283 1473 adversis

330 1503 532 1589 deprimitur,
557 1520 614 1568 aut
643 1503 809 1568 extollitur
838 1506 1011 1590 prosperis,
1036 1520 1067 1571 et
1098 1507 1284 1573 alterutrius

331 1606 424 1670 sortis
437 1619 583 1671 naturam
601 1604 751 1690 suiipsius
770 1604 849 1668 facie
871 1615 1074 1690 protestatur.
1112 1607 1214 1684 Quale
1235 1620 1283 1672 est

330 1706 419 1794 quod
434 1707 512 1772 alios
533 1727 721 1771 veneramur
735 1706 908 1791 ingenuom
941 1705 1010 1771 aliis
1031 1707 1158 1772 serviles
1172 1721 1283 1775 contu—

330 1809 439 1873 melias
452 1809 638 1894 irrogamus.
679 1806 819 1872 Istorum
835 1806 964 1872 divitias
979 1807 1130 1884 colimus;
1155 1810 1282 1876 illorum

330 1911 560 1975 contemnimus
574 1923 805 1996 paupertatem.
836 1913 993 1973 Naturam
1006 1907 1142 1974 diffinire
1156 1911 1284 1976 difficile

331 2024 390 2086 est,
408 2025 444 2077 ut
461 2011 571 2076 asserit
586 2010 724 2076 Tullius.
769 2012 843 2094 Ego
857 2008 1016 2074 difficilius
1038 2011 1132 2075 credo
1147 2011 1282 2078 diffinire

331 2113 502 2193 fortunam,
513 2137 551 2176 eo
566 2112 652 2198 quod
664 2113 759 2196 hujus
773 2110 873 2189 nulla,
882 2110 968 2175 illius
982 2111 1090 2198 aliqua
1105 2113 1283 2179 substantia

330 2227 386 2279 est.
433 2215 560 2280 Natura
574 2213 730 2300 siquidem
750 2212 845 2278 rebus
859 2211 1013 2297 originem
1027 2214 1168 2299 praehet;
1196 2217 1282 2301 quod

330 2336 529 2401 nequaquam
546 2329 639 2396 esset,
654 2315 726 2380 siin
744 2316 877 2380 veritate
891 2315 961 2398 ipsa
975 2337 1038 2380 nou
1054 2330 1143 2381 esset.
1186 2319 1282 2394 Quod

329 2423 413 2484 enim
436 2421 564 2484 omnino
586 2441 648 2482 non
671 2431 729 2498 est,
745 2412 838 2481 alicui
860 2430 1012 2503 praestare
1033 2435 1097 2482 non
1119 2431 1223 2504 potest
1244 2431 1281 2484 ut

330 2524 381 2586 sit.
412 2525 460 2586 At
472 2522 601 2587 fortuna
615 2542 716 2606 quum
732 2541 794 2583 non
807 2519 859 2600 sit,
869 2537 932 2583 non
950 2532 1052 2606 potest
1068 2517 1207 2587 diffiniri.
1240 2523 1280 2586 In

329 2647 367 2688 eo
383 2623 539 2709 siquidem
555 2623 643 2710 quod
665 2644 727 2686 non
750 2635 809 2698 est,
823 2645 886 2686 non
910 2635 1015 2707 potest
1036 2625 1186 2708 cuiquam
1208 2647 1281 2688 con-

329 2736 413 2789 stare
428 2724 507 2809 quid
531 2724 580 2789 sit.
626 2723 771 2786 Efferaut
785 2723 937 2809 Epicurei
959 2724 1138 2810 praecipuas
1157 2736 1280 2789 senten-

331 2827 391 2890 tias
407 2847 490 2902 suas,
506 2848 585 2911 quas
601 2823 697 2911 augias
718 2822 798 2902 δόξας
812 2838 937 2902 vocant,
954 2825 1071 2912 quibus
1093 2825 1192 2890 totius
1206 2826 1282 2891 Phi·

330 2926 483 3012 losophiae
497 2938 613 3012 putant
636 2925 752 2990 servire
774 2944 967 3012 processum,
982 2940 1014 2992 et
1037 2944 1123 2991 more
1138 2946 1196 2991 suo
1217 2928 1281 2992 for-

330 3042 418 3093 tunae
440 3029 609 3115 subjiciant
636 3033 789 3093 universa
836 3031 910 3114 Ego
930 3028 963 3093 in
990 3028 1060 3107 hoc,
1083 3029 1164 3095 sicut
1191 3028 1280 3094 etin

329 3130 486 3215 plurimis,
509 3130 717 3197 Plutarchum
740 3155 852 3197 censeo
877 3130 1084 3209 audiendum,
1107 3131 1164 3217 qui
1188 3132 1281 3196 deam

328 3250 443 3295 caecam
458 3232 621 3296 colendam
636 3253 703 3296 esse
718 3244 824 3317 negat,
840 3250 981 3297 asserens
999 3253 1067 3295 eam
1084 3230 1143 3296 nisi
1158 3251 1176 3295 a
1190 3232 1283 3297 caecis

327 3334 388 3397 coli
413 3352 477 3397 non
503 3354 606 3420 posse.
652 3332 761 3398 Multa
789 3355 921 3419 quoque
945 3332 1096 3420 proponit
1123 3333 1280 3420 exempla,

327 3433 446 3519 quibus
469 3433 569 3519 liquet
593 3453 701 3499 omnes
722 3452 814 3502 caecae
836 3435 906 3500 deae
928 3434 1065 3499 cultores
1084 3443 1228 3512 caecatos,
1246 3442 1280 3498 et

328 3534 544 3618 praecipitatos
558 3537 685 3600 tandem
700 3538 734 3600 in
748 3537 873 3601 foveam
888 3536 1078 3601 exterminii.
1125 3536 1280 3601 Testatur

328 3633 388 3698 hoc
413 3634 528 3714 Galba,
550 3637 608 3721 qui
630 3650 730 3701 totam
753 3651 879 3704 aetatem
903 3638 1080 3701 luculenter
1102 3635 1282 3722 producens

327 3736 361 3799 in
377 3735 511 3808 senium,
527 3734 624 3820 hujus
644 3736 713 3799 deae
734 3736 948 3803 familiaritate
970 3749 1002 3801 et
1025 3736 1115 3801 cultu
1135 3738 1168 3799 in
1190 3736 1280 3799 brevi

327 3838 441 3914 elatus,
454 3849 485 3901 et
497 3837 529 3900 in
539 3837 675 3900 breviori
684 3837 902 3922 praecipitatus
917 3850 974 3901 est.
1006 3836 1150 3914 Qualiter
1161 3848 1280 3915 autem,

327 3940 415 4025 apud
442 3938 629 4003 Suetonium
654 3960 773 4024 quaere.
820 3939 973 4014 Queritur
997 3952 1101 4002 tamen
1127 3938 1281 4025 praefatus

329 4039 554 4128 Philosophus,
568 4054 600 4105 et
615 4041 647 4104 in
663 4057 740 4103 aure
757 4041 825 4125 jam
840 4038 918 4105 dicti
939 4041 1092 4126 principis
1106 4040 1280 4127 lachryma-

329 4141 436 4206 biliter
454 4143 641 4229 ingemiscit,
658 4144 745 4230 quod
768 4142 838 4209 haec
852 4142 930 4207 vitio
952 4143 1113 4220 caecitatis,
1129 4156 1161 4208 et
1181 4155 1279 4207 teme*

328 4243 432 4308 ritatis
445 4246 599 4331 probrosa
616 4243 686 4324 dea,
701 4258 734 4310 et
748 4245 897 4310 omnibus
916 4246 1124 4331 ignominiosa
1145 4244 1281 4309 numini-

330 4343 404 4423 bus,
425 4345 565 4409 omnium
589 4346 721 4409 deorum
748 4346 867 4432 templa
888 4346 1069 4422 foedaverit,
1092 4357 1124 4409 et
1146 4344 1279 4408 deorum

329 4444 470 4508 omnium
485 4446 685 4531 praeripuerit
700 4447 834 4528 cultum,
849 4460 886 4509 ut
902 4458 1019 4531 praeter
1034 4446 1117 4511 aedes
1133 4445 1282 4531 privatas,
