3575 5575
376 790 445 835 car.
461 772 507 850 v.]
736 786 991 833 ronrcanrrcus
1282 777 1324 835 69

374 937 554 1023 explicare;
589 960 626 1003 ea
652 939 884 1019 tantummodo,
906 960 981 1023 quae
1005 935 1084 1003 dirae
1107 937 1197 1001 famis
1218 938 1323 1002 inedia

373 1037 586 1123 pertulerunt,
624 1040 799 1125 supradicti
837 1038 1086 1124 historiographi
1124 1037 1321 1102 sermonibus

371 1137 540 1223 proferam,
570 1162 636 1226 quo
669 1139 810 1225 legentes
839 1140 908 1203 haec
938 1138 1129 1223 intelligant,
1163 1149 1319 1222 quantum

369 1238 486 1324 piaculi
518 1240 570 1316 sit,
600 1240 718 1305 audere
746 1240 869 1325 aliquid
897 1244 928 1305 in
957 1240 1137 1315 Christum,
1162 1250 1194 1303 et
1221 1260 1319 1324 quam

369 1341 522 1425 gravibus
536 1364 613 1405 ausa
623 1343 785 1429 suppliciis
795 1342 973 1427 expientur.
1012 1344 1085 1426 Age
1094 1342 1215 1426 itaque,
1227 1339 1320 1425 quin-

367 1455 420 1507 tus
440 1444 574 1529 Josephi
596 1444 800 1509 historiarum
821 1445 902 1508 liber
925 1456 1063 1530 ponatur
1083 1444 1117 1507 in
1138 1442 1253 1519 medio,
1276 1465 1316 1506 ex

366 1567 432 1629 quo
460 1545 561 1608 omnis
590 1568 697 1610 eorum
728 1550 873 1610 luctuosa
911 1545 1069 1630 tragoedia
1097 1559 1315 1629 pernoscatur.

366 1644 530 1708 Divitibus
545 1658 651 1709 autem
667 1668 862 1732 permanere,
877 1647 998 1730 inquit,
1013 1657 1069 1708 aut
1085 1646 1198 1729 perire,
1214 1667 1314 1709 unum

365 1756 462 1831 atque
488 1744 573 1810 idem
600 1759 677 1811 erat.
724 1748 757 1811 Si
787 1747 869 1811 enlm
896 1748 930 1810 iu
956 1746 1036 1810 urbe
1062 1745 1315 1831 permansissent,

364 1844 553 1910 facultatum
580 1870 709 1911 suarum
731 1871 827 1913 causa
848 1847 978 1912 crimine
998 1848 1134 1932 objecto,
1158 1847 1248 1932 quasi
1274 1846 1315 1910 de

364 1944 602 2032 transfugiendo
626 1948 814 2031 cogitarent,
836 1947 1086 2034 perimebantur.
1132 1950 1313 2011 Necessitas

363 2068 438 2110 vero
467 2047 570 2126 famis,
597 2048 802 2114 factiosorum
829 2049 1003 2115 extollebat
1030 2048 1254 2133 arrogantiam,
1280 2060 1313 2111 et

361 2161 537 2233 utrumque
566 2150 658 2215 simul
690 2150 795 2216 inedia
823 2174 896 2215 cum
928 2150 1104 2215 temeritate
1140 2150 1308 2215 crescebat.

360 2250 494 2314 Publice
521 2251 651 2337 quidem
676 2253 873 2318 frumentum
900 2275 1054 2338 nusquam
1079 2252 1207 2315 omnino
1230 2263 1310 2326 erat,

359 2352 414 2415 sed
429 2351 583 2417 irruentes
599 2355 687 2419 urbis
708 2355 871 2442 praedones
889 2354 1173 2441 perscrutabantur
1188 2353 1310 2430 domos,

358 2462 390 2515 et
405 2451 430 2515 si
446 2452 526 2538 quid
541 2454 744 2531 invenissent,
756 2469 909 2541 tanquam
920 2453 961 2517 de
972 2454 1035 2530 his,
1047 2454 1105 2538 qui
1121 2453 1309 2530 fefellerant,

356 2573 467 2635 poenas
482 2554 659 2634 sumebant,
675 2558 701 2619 si
716 2578 791 2618 vero
805 2577 868 2618 non
883 2554 1087 2633 invenissent,
1103 2553 1309 2619 nihilominus

357 2664 508 2736 tauquam
518 2679 582 2733 eos,
593 2660 650 2741 qui
661 2656 817 2719 occultius
827 2667 858 2719 et
868 2655 1054 2739 diligentius
1065 2654 1307 2732 absconderant,

354 2755 547 2821 cruciabant.
609 2755 767 2820 indicium
798 2778 874 2819 vero
905 2757 946 2820 ab
975 2756 1021 2820 eis
1050 2755 1159 2820 haberi
1188 2756 1308 2842 pabula

353 2855 520 2941 capiebant
536 2857 595 2920 hoc
607 2859 687 2942 ipso,
704 2858 790 2942 quod
806 2857 913 2921 adhuc
924 2858 1074 2937 viverent,
1086 2870 1117 2921 et
1134 2858 1304 2922 subsistere

352 2957 540 3041 corporibus
568 2958 770 3038 videbantur,
797 2970 948 3044 tanquam
979 2958 1035 3044 qui
1067 2957 1210 3043 profecto
1234 2959 1303 3043 jam

351 3055 553 3135 interiissent,
577 3059 638 3123 nisi
660 3059 862 3125 absconditos
886 3060 1008 3146 uspiam
1036 3072 1179 3145 tegerent
1205 3059 1300 3126 cibos

353 3159 386 3222 Si
408 3182 489 3245 quos
511 3185 584 3228 sane
611 3163 806 3228 tabescentes
832 3164 932 3227 macie
958 3163 1121 3239 vidissent,
1144 3162 1202 3226 hos
1227 3185 1300 3226 cum

349 3263 440 3324 venia
450 3264 666 3348 praeteribant,
678 3268 872 3349 superfluum
884 3277 1034 3351 putantes
1043 3267 1208 3350 perimere,
1219 3287 1300 3349 quos

347 3363 531 3449 paulopost
546 3367 726 3430 absumeret
742 3366 850 3432 fames.
886 3365 984 3431 Multi
1000 3381 1105 3431 tamen
1121 3368 1153 3429 in
1169 3366 1299 3431 occultis

347 3465 433 3528 omni
448 3490 542 3532 ceusu
559 3492 617 3533 suo
628 3470 759 3535 mercati
771 3481 845 3534 sunt
862 3492 962 3534 unum
978 3483 1127 3546 metrum,
1140 3470 1166 3532 si
1181 3467 1297 3532 divites

347 3567 507 3649 frumenti,
530 3584 561 3634 et
583 3571 694 3635 hordei
716 3570 742 3634 si
764 3570 928 3635 inferiores
948 3571 1091 3650 fuerunt,
1112 3583 1145 3634 et
1170 3569 1296 3634 conclu-

346 3666 456 3732 dentes
466 3669 536 3733 sein
546 3672 1160 3759 interioribusquibusquepenetralibus
1170 3671 1295 3753 domus,

343 3769 489 3836 nonnulli
503 3793 560 3834 nec
574 3773 607 3835 in
624 3794 720 3857 panes
734 3773 892 3837 confectas
906 3773 1014 3857 fruges
1032 3773 1185 3836 edebant:
1225 3772 1293 3836 Alii

342 3873 463 3936 veroin
479 3885 636 3959 quantum
653 3871 699 3935 vel
717 3872 893 3946 necessitas
906 3871 955 3935 vel
968 3885 1071 3936 metus
1082 3872 1291 3957 permitteret,

340 3975 571 4058 excoquebant.
608 3978 653 4040 Et
669 3997 807 4038 mensam
819 3973 950 4061 quidem
967 3973 1075 4037 nullus
1085 3976 1290 4058 exspectabat

341 4075 468 4162 apponi,
486 4076 540 4141 sed
557 4099 594 4139 ex
616 4076 685 4161 ipso
707 4076 856 4141 semiusta
875 4076 942 4161 igni
963 4076 1131 4162 rapientes,
1146 4078 1287 4162 propria,

341 4177 429 4241 velut
444 4179 574 4255 furtiva,
590 4178 804 4253 devorabant3
828 4191 859 4243 et
878 4193 946 4244 erat
967 4178 1099 4242 infelicis
1120 4178 1206 4243 illius
1225 4181 1286 4245 cibi

338 4280 1287 4366 spectaculummiserabile,quumvalidioresquiqueinventa

339 4376 534 4462 diriperent;
573 4379 783 4446 imbecillibus
812 4405 887 4446 vero
918 4380 994 4445 nihil
1021 4394 1137 4465 praeter
1163 4380 1285 4456 luctum
