3575 5575
1026 279 1405 444 Melam)

339 827 410 872 oar.
426 807 547 887 xiima]
704 821 959 869 ronroaarrcns.
1233 806 1293 866 rra

342 989 464 1062 partem
492 999 565 1040 cum
592 997 640 1049 eo,
667 996 763 1059 quern
790 975 934 1051 avaritia,
959 971 1057 1046 fastu,
1083 967 1295 1034 obstinatione

344 1078 469 1156 mentis,
480 1077 585 1140 fuerat
596 1076 797 1160 insequutus.
844 1073 908 1139 Sed
925 1073 1005 1136 falso
1016 1071 1191 1146 blanditur,
1206 1071 1295 1154 inge·

342 1200 415 1244 rens
445 1201 530 1263 spem
564 1177 692 1263 quietis,
719 1175 797 1239 dum
828 1198 860 1238 se
890 1187 984 1258 gestu
1015 1186 1047 1236 et
1073 1172 1179 1236 verbis
1208 1193 1295 1235 men·

343 1277 424 1342 titur
455 1279 627 1358 Samulem,
655 1278 707 1341 cui
737 1292 859 1341 certum
890 1290 949 1349 est,
984 1273 1132 1339 collatam
1161 1297 1228 1338 esse
1262 1273 1295 1336 in

342 1379 450 1463 quiete
466 1380 570 1443 sedem
587 1402 606 1442 a
621 1377 771 1455 Domino,
782 1381 864 1441 inter
880 1400 934 1441 eos
950 1376 1005 1461 qui
1019 1376 1168 1441 invocant
1184 1394 1296 1437 nomen

342 1480 421 1562 ejus.
468 1479 552 1556 Quid
574 1501 651 1564 ergo
676 1477 761 1540 Sauli
785 1477 941 1540 Samuelis
962 1476 1023 1552 sui,
1039 1476 1090 1538 vel
1110 1477 1218 1560 potius
1232 1478 1296 1558 Py-

344 1579 463 1655 thonis,
481 1579 630 1664 profuere
652 1582 824 1664 responsa?
862 1581 1016 1640 Potuerat
1035 1576 1119 1639 sorte
1139 1598 1200 1639 non
1216 1597 1298 1660 prae·
1358 1626 1362 1630 Α

345 1680 485 1743 monitus
509 1701 635 1764 sperare
658 1678 799 1754 meliora,
815 1690 846 1741 et
870 1677 980 1740 saltem
1005 1676 1082 1739 dum
1103 1674 1207 1738 alieno
1225 1695 1299 1738 con·

345 1780 510 1844 foderetur
535 1780 643 1865 gladio
672 1792 852 1864 expectare.
898 1777 1028 1841 Oraculi
1057 1798 1133 1840 vero
1159 1779 1299 1841 vanitate

345 1880 534 1945 certioratus
548 1880 655 1965 gladio
671 1902 729 1943 suo
750 1879 909 1953 incubuit,
924 1889 957 1942 et
978 1876 1011 1940 in
1028 1877 1178 1940 extremis
1191 1898 1299 1960 agens,

347 1980 426 2046 dum
449 1982 587 2066 propriae
609 1979 719 2064 glorioe
734 1978 932 2058 consulebat,
946 1980 1002 2062 qui
1017 1979 1131 2043 fortius
1145 1977 1226 2041 mori
1241 1999 1300 2062 po·

349 2082 461 2144 tuisset
472 2082 504 2143 iu
515 2081 637 2168 praelio,
648 2103 756 2147 auram
771 2079 938 2145 verborum
951 2080 1129 2165 pertimuit,
1138 2092 1170 2143 et
1182 2077 1299 2142 infirmi

348 2193 380 2245 et
395 2181 545 2267 prostrati
561 2182 657 2245 animi
678 2181 818 2256 consilio,
836 2180 976 2266 corporis
990 2192 1025 2245 et
1039 2181 1153 2246 animae
1168 2193 1301 2246 mortem

349 2283 471 2348 ascivit.
506 2282 693 2349 Glorientur
704 2296 816 2368 gentes
828 2283 860 2346 iu
872 2281 1063 2348 fortitudine
1077 2306 1145 2361 sua,
1156 2293 1302 2347 auctores

348 2406 458 2448 earum
472 2383 592 2464 dicant,
603 2387 825 2470 unusquisque
840 2385 930 2470 quod
943 2384 1050 2461 sentit,
1062 2383 1139 2447 dum
1158 2386 1301 2448 Heroum

349 2507 479 2550 sucrum
503 2485 614 2549 titulos
636 2485 822 2571 praedicant,
846 2486 923 2549 dum
948 2508 1137 2570 magnorum
1159 2485 1301 2548 virorum

350 2583 572 2649 fortitudinem
603 2598 836 2670 praeconantur.
897 2586 994 2649 Bibat
1024 2585 1086 2649 illis
1120 2585 1304 2649 auctoribus

351 2683 435 2746 Cato
459 2703 627 2760 venenum,
644 2683 789 2745 Vulteius
806 2682 937 2745 dextras
958 2694 991 2744 et
1014 2694 1134 2744 mentes
1149 2681 1304 2743 sociorum

350 2793 451 2846 armet
464 2782 506 2845 ad
528 2782 737 2846 voluntariam
759 2795 904 2845 mortem.
949 2783 1012 2846 Per
1028 2780 1181 2845 mamillas
1196 2780 1236 2845 ad
1251 2804 1306 2844 cor

352 2904 509 2947 venenum
523 2883 670 2969 aspidum
682 2881 855 2945 insanabile
872 2882 1043 2968 Cleopatra
1058 2880 1206 2968 trajiciat.
1241 2881 1305 2946 Lu·

351 2983 451 3047 cretia
475 2982 607 3047 alienam
635 2981 869 3067 impudicitiam
897 2982 1060 3066 sauguinis
1082 2984 1132 3046 sui
1154 2982 1306 3046 effusione

352 3082 552 3148 condemnet.
597 3085 670 3169 Ego
685 3083 809 3146 evenire
830 3105 923 3167 posse
945 3104 1007 3146 non
1028 3083 1178 3160 arbitror,
1194 3096 1229 3149 ut
1249 3106 1306 3148 cu·

348 3184 530 3269 juscunque
560 3183 755 3250 difficultatis
784 3184 931 3260 articulo,
958 3183 1050 3247 liceat
1068 3183 1207 3269 propria
1232 3206 1307 3247 auc·

355 3287 483 3350 toritate
506 3286 636 3363 homini,
659 3286 718 3350 sibi
742 3300 875 3350 mortem
898 3284 1024 3365 inferre,
1046 3308 1103 3348 nec
1128 3285 1223 3349 etiam
1250 3286 1307 3350 ubi

356 3387 483 3451 castitas
498 3387 708 3472 periclitatur.
754 3388 846 3451 Licet
870 3387 956 3450 hunc
969 3408 1077 3450 casum
1093 3386 1241 3451 videatur
1255 3407 1310 3452 ex·

354 3487 461 3571 cipere
476 3488 587 3553 doctor
600 3488 656 3553 ille
677 3488 855 3565 doctorum,
871 3488 925 3553 cui
947 3489 978 3553 in
995 3492 1131 3552 sacrario
1146 3488 1309 3553 literarum

358 3587 410 3650 rix
421 3587 559 3673 aliquem
572 3589 675 3651 audeo
687 3611 880 3675 comparare.
917 3592 949 3652 H
953 3611 998 3652 aec
1010 3610 1094 3652 mors
1105 3589 1233 3653 omnino
1241 3588 1312 3651 dea·

354 3700 538 3773 paratorum
566 3701 624 3763 est,
648 3702 680 3753 et
707 3710 827 3763 eorum,
850 3690 908 3773 qui
935 3688 1008 3752 licet
1032 3710 1164 3772 corpore
1190 3687 1311 3764 vivant,

354 3788 422 3873 jam
438 3788 552 3852 mentis
567 3800 667 3853 morte
683 3788 880 3873 praemortui,
898 3787 1003 3850 auimo
1017 3787 1123 3849 vivere
1138 3788 1312 3851 desierunt.

362 3890 482 3975 Utique
503 3912 565 3953 non
588 3889 747 3965 vivorum,
770 3888 824 3951 sed
843 3889 911 3973 jam
932 3899 1129 3951 mortuorum
1149 3903 1311 3952 moreest.

359 3990 542 4054 lntidelium
554 4011 665 4073 regum
678 4010 829 4074 percurre
839 3989 962 4064 seriem,
975 3988 1180 4069 Hieroboam,
1189 3987 1312 4064 Achab,

357 4091 498 4166 dezebel,
522 4090 831 4166 Nabuchodonosor,
855 4088 1079 4165 Sennacherib,
1099 4104 1132 4153 et
1157 4091 1211 4154 alii
1234 4114 1313 4178 quo·

352 4188 430 4253 'rum
448 4214 568 4256 errores
586 4215 647 4255 non
670 4191 790 4255 sufficio
812 4213 970 4267 enarrare,
986 4190 1189 4275 quidlucrati
1205 4193 1313 4258 sintin

361 4290 489 4353 vatibus
505 4292 579 4367 suis,
596 4294 653 4377 qui
670 4293 821 4356 videbant
836 4294 883 4356 eis
899 4292 978 4355 falsa
994 4305 1026 4356 et
1042 4293 1151 4369 stulta,
1168 4317 1225 4357 uec
1240 4316 1315 4377 ape·

360 4389 484 4454 riebant
501 4393 545 4455 eis
561 4392 765 4477 iniquitatem
780 4414 904 4470 eorum,
920 4406 956 4458 ut
970 4415 1024 4457 eos
1038 4393 1079 4456 ad
1095 4394 1316 4477 poenitentiam
