3575 5575
327 796 399 842 car.
417 777 479 857 xa]
681 793 935 840 ennucanrrcus.
1218 781 1280 838 25⁷

326 944 846 1030 mitissimum,quumeeontrario
855 957 977 1009 certum
988 943 1135 1030 sit‚quod
1146 955 1278 1030 propter

325 1063 454 1132 peccata
477 1045 590 1132 populi
612 1045 771 1132 permittit
793 1048 884 1110 Deus
910 1050 1041 1130 regnare
1065 1045 1278 1132 hypocritam,

324 1159 356 1211 et
375 1146 570 1234 impossibile
589 1169 657 1212 esse
676 1157 713 1210 ut
733 1145 789 1211 diu
813 1168 912 1231 regno
932 1146 1072 1231 gaudeat
1094 1145 1149 1230 qui
1167 1145 1279 1232 populi

324 1247 554 1324 humiliatione,
570 1261 602 1313 et
625 1247 757 1334 proprio
771 1247 899 1333 fastigio
922 1248 1058 1335 superbe
1078 1247 1172 1312 nimis
1186 1247 1280 1311 exul·

324 1361 383 1415 tat.
430 1350 492 1414 Sed
522 1345 609 1413 illius
637 1349 762 1413 dicebat
792 1348 941 1433 protendi
970 1349 1196 1436 principatum,
1223 1348 1281 1436 qui

325 1449 413 1536 apud
425 1473 458 1514 se
472 1450 513 1515 de
527 1448 717 1514 conscientia
727 1448 918 1512 humilitatis
930 1471 1053 1535 semper
1064 1450 1095 1513 in
1108 1473 1141 1514 se
1151 1450 1281 1535 angitur

325 1552 418 1636 quasi
433 1563 578 1636 regnaret
591 1550 721 1615 invitus.
753 1551 835 1613 Haec
849 1549 928 1614 mihi
940 1551 1144 1616 Placentinus
1154 1551 1281 1637 hospes,

327 1664 359 1719 et
375 1666 413 1718 ut
427 1653 533 1730 credo,
549 1652 624 1717 lidei
644 1665 887 1717 consentaneum
904 1665 961 1719 est.
1006 1654 1084 1718 Tale
1099 1653 1220 1739 aliquid
1235 1653 1282 1717 in·

327 1755 456 1820 venitur
483 1756 517 1820 in
547 1753 672 1840 scriptis
701 1755 868 1841 majorum.
914 1756 1021 1833 Quum
1052 1756 1134 1821 enim
1167 1755 1282 1821 Helius

330 1858 444 1922 Romoe
465 1857 690 1944 prael'ecturam
712 1854 912 1940 splendidius
933 1870 1052 1943 ageret,
1068 1879 1108 1922 ex
1131 1859 1282 1923 Senatore

331 1959 511 2044 Imperator
532 1969 660 2024 oreatus
674 1970 740 2022 est:
767 1956 834 2044 qui,
848 1980 920 2024 eum
942 1959 1127 2025 obsecrante
1151 1961 1282 2040 Senatu,

330 2072 366 2126 ut
381 2060 483 2125 lilium
500 2064 670 2134 Caesarem,
687 2081 783 2145 quem
800 2058 951 2135 habebat,
968 2062 1156 2147 Augustum
1175 2064 1283 2146 appel-

329 2162 421 2242 laret,
438 2161 597 2239 Sufficere,
619 2161 740 2246 inquit,
758 2160 865 2236 debet,
886 2161 974 2248 quod
997 2185 1056 2248 ego
1077 2166 1146 2250 ipse
1165 2162 1283 2226 invitus

327 2263 526 2348 regnaverim
537 2285 638 2350 quum
651 2284 714 2326 non
729 2284 878 2326 mererer.
909 2261 1113 2348 Principatus
1124 2262 1208 2325 enim
1220 2283 1282 2325 non

331 2365 478 2450 sanguini
497 2363 645 2440 debetur,
668 2362 725 2427 sed
749 2364 891 2428 meritis:
925 2375 957 2428 et
980 2362 1137 2428 inutiliter
1162 2374 1286 2448 regnat,

332 2463 386 2551 qui
404 2487 461 2529 rex
481 2468 635 2541 nascitur,
649 2486 713 2527 non
737 2475 885 2529 meretur.
932 2466 977 2528 Et
998 2461 1212 2549 proculdubio
1230 2484 1286 2548 pa-

332 2569 431 2633 rentis
447 2567 596 2632 affectum
621 2565 723 2644 exuit,
744 2564 802 2651 qni
822 2565 974 2650 parvulos
993 2587 1067 2630 suos
1092 2563 1286 2650 importabili

331 2669 413 2732 mole
428 2669 606 2754 superjecta
620 2666 791 2751 extinguit.
836 2669 909 2730 Hoc
926 2664 1054 2750 quidem
1070 2679 1118 2729 est
1133 2665 1286 2730 suffocare

331 2768 458 2846 liberos,
473 2792 536 2834 non
550 2790 745 2855 promovere.
790 2754 906 2833 hlendi
925 2766 1013 2852 prins
1028 2778 1114 2844 sunt,
1129 2777 1161 2831 et
1177 2767 1208 2832 in
1226 2766 1288 2842 vir·

332 2871 460 2936 tutibus
473 2870 657 2948 exercendi3
680 2885 712 2934 et
728 2891 830 2954 quum
845 2868 877 2932 in
892 2891 931 2932 eo
944 2869 1146 2955 profecerint,
1162 2882 1199 2935 ut
1213 2893 1287 2955 pro-

334 2975 452 3039 bentur
463 2975 534 3039 illos
547 2974 722 3039 virtutibus
736 2972 932 3053 antecedere,
943 2996 1025 3058 quos
1040 2972 1157 3039 debent
1168 2974 1288 3038 honore

334 3076 465 3155 anteire,
474 3078 601 3143 invitati
612 3076 795 3153 ascendant,
805 3087 839 3140 et
850 3097 883 3139 se
894 3076 1156 3141 civiumsuorum
1167 3098 1287 3161 nequa-

334 3202 430 3267 quam
445 3180 635 3245 subtrahant
650 3179 746 3244 votis.
789 3176 869 3255 Quis
886 3178 970 3242 enim
986 3178 1056 3242 illos
1070 3178 1205 3263 ambigit
1218 3177 1289 3242 aliis

332 3280 559 3367 praeferendos,
575 3284 633 3368 qui
656 3280 748 3367 quasi
769 3279 909 3345 naturali
928 3280 1100 3366 probitatis
1121 3279 1289 3367 privilegio

334 3381 488 3467 ampliati,
509 3383 668 3467 majorum
690 3381 793 3446 titulis
815 3378 990 3445 invitantur
1012 3379 1053 3444 ad
1076 3380 1240 3451 virtutem,
1256 3390 1288 3444 et

333 3481 508 3547 eorundem
536 3482 690 3547 beneficio
723 3482 846 3547 futurae
877 3481 1029 3547 bonitatis
1063 3482 1132 3549 aliis
1165 3466 1288 3547 faciunt

336 3582 457 3645 fidem?
488 3583 569 3646 Haec
591 3583 653 3647 ille.
699 3585 745 3647 Et
760 3581 891 3668 quidem
912 3583 1072 3668 eleganter
1086 3584 1290 3669 privilegium

338 3680 494 3768 expressit
508 3682 671 3768 principis,
681 3682 745 3758 cui,
757 3706 797 3746 ex
807 3684 943 3768 antiquo
957 3706 1087 3748 munere
1102 3684 1175 3764 Dei,
1187 3706 1291 3746 succe-

327 3784 423 3850 dunt
437 3782 494 3847 lilii
509 3781 742 3863 indubitanter,
757 3781 815 3845 nisi
830 3782 981 3867 iniquitas
996 3784 1158 3848 subvertat
1174 3782 1291 3868 princi·

337 3895 460 3971 palum.
