3575 5575
336 833 406 879 cur.
422 815 484 896 1v.]
686 829 940 876 ronrcnsrrcus.
1223 815 1286 876 273

335 985 483 1060 domitor,
495 982 661 1061 Hercules,
673 981 730 1066 qui
741 1003 779 1045 eo
793 982 903 1067 ipsoiu
920 982 1075 1046 seJovem
1088 991 1283 1065 protestatus

335 1097 394 1160 est,
408 1084 496 1169 quod
510 1105 631 1167 angues
649 1081 814 1167 jugulavit
833 1080 865 1144 in
886 1082 987 1146 cunis.
1030 1084 1098 1147 Aut
1118 1078 1230 1160 officio,
1245 1093 1284 1143 ut

334 1186 509 1272 pontifices,
524 1184 754 1270 praefectosque
777 1204 948 1249 sacrorum.
994 1187 1061 1248 Aut
1080 1182 1232 1260 moribus,
1248 1193 1285 1246 ut

333 1286 550 1373 philosophos,
561 1285 619 1371 qui
630 1284 743 1350 mentis
752 1284 871 1349 divinae
881 1284 1032 1350 haustum
1041 1283 1284 1368 investigatione

332 1401 365 1455 et
377 1388 611 1474 dispensatione
630 1385 794 1471 sapientiae
812 1386 964 1453 indicant.
1009 1390 1074 1451 Aut
1093 1383 1285 1460 conditione,

334 1501 371 1553 ut
395 1511 478 1575 quos
496 1488 585 1551 favor
606 1486 746 1550 numinis
760 1485 888 1563 extulit,
904 1499 940 1550 ut
961 1484 1030 1549 aliis
1049 1497 1230 1570 praeessent,
1245 1506 1286 1548 ex

336 1612 433 1655 causa
447 1589 555 1676 potius
569 1587 728 1666 familiari,
743 1609 838 1673 quam
861 1585 964 1650 officio
985 1586 1127 1671 publico.
1175 1587 1286 1652 Sermo

337 1689 469 1776 quidem
495 1688 638 1775 perfidus
662 1701 722 1767 est,
746 1700 778 1752 et
802 1688 887 1751 omni
915 1686 1135 1773 reprobatione
1160 1687 1288 1772 dignus,

338 1814 511 1878 sensusque
539 1791 722 1868 verborum,
749 1790 806 1878 qui
836 1789 1066 1876 Philosophum
1096 1812 1157 1854 non
1187 1790 1288 1857 decet.

339 1893 402 1957 Sed
417 1893 500 1958 forte
514 1893 594 1979 quid
610 1893 651 1958 de
666 1905 781 1958 natura
794 1893 935 1957 Deorum
952 1892 1093 1969 sentiret,
1109 1892 1140 1956 in
1156 1893 1289 1958 auribus

338 1996 480 2081 corrupti
506 1995 617 2081 populi
642 1993 791 2081 proloqui
820 2016 883 2057 non
910 1994 1060 2072 audebat,
1087 1993 1143 2080 qui
1170 1995 1289 2080 legerat

337 2097 523 2162 combustos
534 2119 600 2160 esse
611 2095 710 2160 libros
722 2095 908 2182 Philosophi
921 2095 1126 2181 Pythagorae,
1136 2109 1167 2160 et
1183 2096 1288 2182 ipsum

338 2212 445 2263 actum
475 2220 541 2262 esse
570 2198 603 2260 in
629 2196 760 2262 exilium
789 2198 832 2261 ab
856 2197 1115 2275 Atheniensibus,
1139 2221 1177 2262 eo
1202 2198 1289 2284 quod

337 2299 552 2375 dubitaverat,
568 2321 609 2362 an
629 2298 669 2362 de
691 2298 752 2362 diis
767 2321 842 2363 rem
862 2311 977 2377 essent,
992 2321 1065 2383 quse
1087 2298 1185 2383 vulgo
1206 2299 1291 2364 dice-

337 2401 465 2468 bantur.
511 2400 597 2478 Quid
619 2423 696 2486 ergo
710 2399 903 2464 contrarium
925 2399 1056 2465 auderet
1071 2421 1218 2482 asserere,
1232 2403 1289 2488 qui

338 2525 395 2566 nec
416 2502 516 2589 ipsam
532 2502 765 2567 dubitationem
788 2500 903 2564 erroris
923 2511 1054 2564 noverat
1076 2500 1288 2587 impunitam?

338 2617 385 2669 est
397 2604 506 2690 itaque
521 2603 692 2668 verisimile
703 2602 791 2688 quod
803 2624 922 2666 morem
935 2601 1136 2668 auditoribus
1147 2606 1290 2688 gesserit,

338 2718 370 2770 et
387 2717 423 2771 ut
434 2727 487 2769 eos
498 2705 539 2769 ab
553 2704 672 2768 illicitis
683 2716 855 2778 revocaret,
867 2702 990 2790 aliquid
1003 2703 1169 2768 indulsisse
1180 2708 1290 2771 errori.

340 2808 424 2872 Nam
439 2808 473 2871 in
488 2806 634 2873 doctrina
647 2828 781 2882 morum,
798 2804 1066 2871 luculentissimus
1081 2819 1138 2871 est.
1176 2808 1291 2896 quue

339 2908 416 2974 huic
429 2908 570 2994 opinioni
585 2908 710 2973 facilius
728 2908 905 2993 acquiesco,
919 2905 1008 2993 quod
1023 2911 1194 2993 Apostolus
1215 2934 1291 2997 gen-

340 3013 433 3091 tium,
445 3010 509 3075 fide
525 3023 628 3076 tamen
644 3022 676 3073 et
688 3008 840 3094 religione
853 3007 1017 3089 incolumi,
1027 3010 1175 3075 omnibus
1186 3014 1292 3079 omnia

339 3112 444 3178 factus
458 3125 517 3192 est,
533 3125 569 3178 ut
589 3134 697 3175 omnes
712 3111 923 3177 lucrifaceret.
969 3116 1036 3177 Nos
1051 3125 1157 3177 autem
1173 3113 1292 3200 quibus

340 3215 381 3279 de
402 3214 485 3281 coelo
506 3216 623 3279 veritas
644 3214 764 3292 illuxit,
780 3237 843 3278 non
865 3214 1011 3292 deorum,
1027 3214 1082 3299 qui
1105 3215 1184 3279 nulli
1206 3231 1291 3293 sunt,

339 3317 394 3383 sed
411 3318 477 3382 veri
490 3319 552 3382 Dei
568 3316 730 3397 ministris,
745 3330 778 3382 et
792 3315 913 3395 amicis,
922 3340 1068 3403 magnam
1085 3320 1291 3385 reverentiam

339 3420 499 3485 credimus
514 3419 747 3502 exhibendam
770 3419 825 3484 sed
840 3433 873 3486 et
887 3418 1023 3483 inimicis
1036 3419 1105 3505 ejus
1119 3419 1291 3501 interdum,

341 3521 493 3606 quoniam
512 3520 574 3584 hoc
596 3521 663 3607 ipse
684 3523 850 3610 pracepit,
871 3522 929 3608 qui
952 3543 1035 3608 saepe
1059 3522 1228 3587 maximam
1251 3524 1292 3589 ad

341 3618 552 3685 eruditionem
569 3642 711 3702 suorum,
725 3623 870 3707 pessimis
884 3623 1067 3687 hominibus
1087 3623 1223 3689 eontulit
1238 3647 1294 3710 po-

341 3734 500 3787 testatem.
538 3721 633 3787 Unde
648 3720 747 3787 illud:
770 3724 914 3808 Subjecti
928 3736 1029 3788 estote
1045 3724 1132 3788 omni
1145 3720 1295 3790 humana

342 3836 499 3888 creaturae
515 3836 647 3911 propter
667 3827 784 3900 Deum,
800 3827 869 3889 sive
891 3825 969 3909 regi,
984 3824 1074 3909 quasi
1091 3826 1295 3910 praecellenti,

343 3924 408 3988 sire
431 3923 580 4003 ducibus,
607 3936 759 4009 tanquam
786 3924 827 3988 ab
857 3946 896 3987 eo
924 3923 1026 3987 missis
1054 3924 1095 3987 ad
1122 3925 1294 3993 vindictam

342 4025 593 4106 malefactorum,
604 4024 732 4089 laudem
742 4048 818 4089 vero
827 4025 995 4090 bonorum.
1025 4026 1070 4090 Et
1083 4025 1178 4092 illud:
1204 4028 1294 4095 Servi

343 4127 464 4191 subditi
486 4140 587 4193 estote
609 4127 755 4191 Dominis
777 4126 901 4209 vestris,
915 4149 978 4190 non
999 4138 1122 4193 tantum
1146 4129 1238 4196 bonis
1261 4145 1293 4195 et

343 4227 506 4307 modestis,
518 4229 572 4294 sed
586 4230 681 4295 etiam
694 4230 841 4317 dyscolis.
872 4229 974 4295 Amici
987 4230 1114 4315 quidem
1128 4232 1210 4297 fiunt
1220 4235 1294 4315 Dei,

343 4342 400 4394 aut
408 4330 522 4414 gratia,
533 4332 729 4398 cessantibus
742 4332 871 4414 meritis,
882 4344 920 4396 ut
931 4331 1119 4412 Hieremias,
1129 4346 1160 4399 et
1171 4335 1295 4400 Johnn·

345 4453 399 4496 nes
415 4432 600 4499 sanctificati
617 4448 786 4520 antequam
807 4434 886 4513 nati,
901 4446 933 4498 et
953 4457 1079 4519 gemma
1097 4437 1294 4503 sacerdotum

386 4554 458 4599 von.
474 4554 525 4599 111.
809 4558 830 4601 r
