3575 5575
503 784 545 846 ἥ
761 798 899 847 ioannis
913 798 1189 851 amaseamansu
1326 786 1412 865 [ara.
1429 806 1454 853 r.

503 948 573 1019 bue
593 960 667 1017 mut
681 952 784 1036 prima
804 954 961 1021 elementa
982 954 1117 1032 virtutis,
1130 953 1202 1019 brec
1224 955 1274 1019 ris
1287 956 1396 1023 t‘elices
1409 958 1452 1023 ad

502 1052 713 1121 beatitudinis
728 1054 904 1133 cumulum,
914 1054 1144 1139 compendioso
1157 1054 1306 1139 perducit
1318 1059 1454 1137 tramite,

503 1176 567 1241 quo
580 1156 716 1241 majores
725 1156 825 1222 nostri
836 1176 903 1221 non
913 1156 976 1223 nisi
986 1158 1155 1223 laboriose
1166 1154 1290 1224 rimatis
1300 1158 1453 1240 gradibus

502 1256 676 1323 docuerunt
689 1256 939 1324 ascendendum.
970 1254 1164 1323 AEmilinnos
1177 1268 1210 1323 et
1218 1256 1354 1341 Ligures
1364 1261 1454 1329 Galli

501 1356 658 1437 derident,
672 1356 817 1424 diceutes
835 1377 891 1423 eos
905 1366 1097 1425 testamenta
1115 1358 1285 1437 conficere,
1300 1356 1452 1428 viciniam

502 1478 690 1538 convocare,
713 1478 871 1525 armorum
896 1458 1065 1541 implorare
1090 1459 1251 1542 presidia,
1276 1460 1304 1525 si
1330 1460 1451 1526 finibus

500 1580 609 1625 eorum
627 1560 755 1627 testudo
777 1560 954 1636 immineat,
972 1580 1068 1643 quam
1090 1571 1236 1645 oporteat
1256 1562 1449 1647 impugnari.

499 1663 594 1737 Quod
612 1682 654 1727 ex
677 1684 717 1729 eo
740 1662 952 1746 componitur,
968 1662 1056 1747 quod
1078 1684 1135 1729 eos
1153 1686 1321 1749 nunquam
1343 1664 1450 1750 cnjus-

498 1786 624 1850 cunque
646 1762 830 1829 certaminis
851 1784 945 1830 casus
966 1764 1090 1829 invenit
1110 1765 1293 1850 imparatos.
1338 1766 1450 1834 Nostri

499 1886 573 1933 vero
597 1864 760 1950 quomodo
782 1864 914 1931 ludibrii
934 1874 1028 1931 notas
1050 1867 1217 1949 effugiunt,
1240 1888 1315 1934 cum
1336 1867 1449 1953 majori

500 1966 637 2033 tumultu
654 1974 687 2029 et
708 1964 831 2047 mgriori
853 1964 1069 2046 solicitudine,
1088 1974 1122 2029 et
1141 1966 1289 2050 ampliori
1310 1978 1450 2051 sumptu,

500 2068 632 2135 solenne
661 2066 780 2134 bellum
810 2065 944 2132 credaut
971 2067 1085 2133 bestiis
1112 2066 1344 2134 indicendum?
1382 2070 1451 2135 Eua

501 2182 606 2237 tamen
630 2168 738 2234 mitius
764 2179 1014 2255 prosequuntur,
1033 2190 1109 2239 cum
1134 2170 1252 2255 quibus
1273 2170 1448 2239 humanum

499 2294 600 2357 genus
608 2270 725 2356 justas,
737 2291 843 2340 earum
860 2271 1012 2355 exigente
1026 2272 1157 2351 malitia,
1166 2283 1298 2339 exercet
1311 2272 1448 2339 inimici·

499 2376 570 2443 tias.
594 2374 1273 2458 Lupus,vulpes‚ursus,etquaecunquefera
1281 2375 1449 2444 nocentior

501 2474 763 2555 mainadarum
785 2474 920 2560 quiescit
942 2494 1072 2552 occasu,
1094 2484 1127 2539 et
1150 2476 1277 2541 solitam
1298 2496 1448 2540 exercere

498 2578 662 2653 malitiam,
688 2576 721 2641 in
747 2586 932 2643 renatorum
959 2575 1131 2641 facienao
1157 2586 1292 2643 veretur.
1337 2578 1449 2645 Fertur

499 2680 662 2747 Hannibal
693 2678 848 2747 occidisse
879 2679 1073 2757 Romanum,
1102 2678 1158 2761 qui
1187 2677 1339 2743 mandato
1368 2676 1448 2762 ejus,

496 2780 649 2864 singulari
674 2779 848 2848 certamine
872 2786 1073 2864 percusserat
1094 2774 1311 2864 elephantem,
1334 2776 1449 2858 dicens

497 2905 569 2948 eum
593 2881 761 2960 indignum
785 2882 860 2957 rita,
885 2882 939 2964 qui
963 2883 1037 2963 cogi
1063 2889 1212 2965 potuerat
1236 2900 1312 2946 cum
1335 2879 1449 2950 bestiis

498 2983 660 3050 dimicare.
699 2981 791 3045 Licet
814 2981 918 3049 verius
941 2978 983 3046 sit
1005 3002 1078 3048 eum
1101 3003 1144 3047 ex
1165 2981 1286 3049 insidia
1308 2983 1450 3048 noluisse

499 3084 659 3167 captivum
671 3078 805 3151 inauditi
817 3079 971 3164 triumphi
981 3081 1081 3164 gloria
1092 3081 1253 3158 illustrari,
1261 3091 1294 3152 et
1303 3083 1448 3154 infamari

498 3183 627 3262 bestias,
643 3201 774 3267 quarum
798 3183 912 3250 virtute
926 3181 1076 3266 gentibus
1096 3192 1243 3246 terrorem
1263 3182 1447 3250 incusserat

498 3284 668 3364 Quomodo
688 3303 763 3367 ergo
786 3282 903 3366 diguus
917 3293 965 3348 est
986 3282 1062 3361 nita,
1077 3282 1132 3367 qui
1155 3281 1235 3346 nihil
1251 3282 1338 3347 aliud
1358 3286 1449 3352 novit

497 3389 531 3454 iu
546 3387 621 3465 vita,
636 3383 696 3448 nisi
717 3384 864 3450 vanitatis
879 3383 985 3450 studio
1006 3385 1117 3448 servire
1130 3384 1166 3449 in
1187 3382 1329 3449 bestias?
1357 3386 1447 3460 Quos

497 3509 571 3558 vero
593 3480 717 3572 species
739 3485 795 3552 illa
817 3486 995 3551 venationis
1017 3486 1167 3564 oblectat,
1180 3495 1217 3552 ut
1238 3507 1314 3555 area
1335 3488 1448 3556 aribus

497 3591 717 3674 insequantur,
740 3587 767 3650 si
790 3597 897 3655 tamen
919 3588 981 3652 boc
1004 3608 1104 3670 genus
1128 3587 1258 3672 aucupii
1284 3590 1447 3657 venationi

496 3711 628 3760 censeas
651 3687 901 3768 annectendum,
923 3689 1042 3757 mitiori
1066 3687 1197 3774 quidem
1220 3701 1376 3756 vexantur
1397 3691 1445 3754 in-

496 3794 595 3870 sania,
611 3789 668 3858 sed
685 3813 750 3857 non
773 3791 885 3880 impari
900 3792 1039 3862 levitate.
1077 3789 1234 3861 venatica
1254 3803 1319 3860 tem
1336 3801 1448 3856 terres·

497 3897 554 3964 tn's
569 3917 663 3979 quam
679 3895 764 3962 aeria
779 3907 899 3982 quanto
914 3895 1161 3974 solidior,·tsntn
1182 3892 1375 3958 fructuosior
1389 3904 1447 3958 est

497 3999 669 4062 Auctorem
704 3998 928 4078 occupationis
955 4017 1023 4062 sure
1057 3996 1099 4061 ab
1133 3989 1275 4075 antiquis
1308 3995 1448 4059 historiis

498 4095 631 4164 Ulixem
651 4095 825 4179 proferunt,
847 4097 902 4179 qui
921 4097 1041 4179 primns
1061 4095 1172 4165 excisa
1193 4094 1291 4177 Troja
1311 4105 1447 4161 armates

496 4217 572 4266 aves
586 4195 692 4263 attulit
703 4195 849 4274 Graeeiae,
860 4217 941 4280 quas
952 4197 1041 4260 suavi
1053 4195 1191 4277 quadam
1204 4205 1237 4260 et
1248 4205 1337 4276 grata
1348 4195 1447 4261 admi·

496 4299 617 4368 ratione
627 4295 815 4376 videntium,
825 4295 858 4364 in
867 4296 996 4378 cognati
1006 4295 1275 4378 generisexitinm
1285 4296 1445 4364 animavit.

490 4401 555 4484 ,lui
571 4397 701 4488 quidem
718 4419 835 4480 magno
851 4421 884 4462 se
900 4408 1029 4464 tuentur
1038 4394 1162 4482 judice,
1177 4407 1210 4464 et
