3575 5575
526 797 586 864 tm
769 813 906 864 rosunrs
920 809 1199 862 sinussrnrrns‘rs
1343 795 1425 874 [cm.
1443 815 1479 860 rr.

526 989 566 1032 ax
582 969 638 1033 illo
660 980 746 1034 retro
761 963 870 1046 fluere,
885 980 917 1031 et
939 966 1041 1031 indies
1063 965 1139 1041 labi,
1161 964 1264 1029 minui
1286 965 1375 1048 regni
1398 965 1481 1029 vires

525 1082 703 1154 coeperunt,
725 1068 810 1132 salus
832 1067 945 1154 populi
966 1066 1133 1143 fluctuare,
1164 1064 1305 1129 hostium
1327 1065 1478 1141 crebrior,

526 1170 639 1254 major,
660 1169 836 1255 clariorque
866 1167 1009 1251 pictoria,
1032 1179 1096 1231 tam
1127 1168 1211 1250 regis
1239 1188 1338 1251 quam
1368 1166 1478 1252 populi

526 1269 662 1335 validius
677 1271 799 1336 animos
813 1270 921 1354 fregit.
957 1274 1030 1354 Ipse
1042 1281 1147 1332 tamen
1164 1290 1237 1330 eum
1253 1266 1304 1329 cui
1321 1267 1481 1332 Dominus

525 1393 658 1455 regnum
675 1373 868 1448 firmaverat,
889 1371 1138 1435 exterminatum
1161 1368 1299 1432 habebat
1318 1391 1338 1431 a
1360 1369 1479 1434 finibus

524 1473 601 1537 suis.
646 1474 733 1550 Quid
750 1496 826 1556 ergo
847 1471 975 1536 tandem
996 1473 1081 1556 cepit
1096 1469 1243 1534 consilii?
1267 1473 1342 1534 Non
1364 1470 1479 1555 utique

512 1585 564 1637 'ut
578 1595 711 1657 regnum
729 1573 868 1637 traderet
885 1572 1007 1635 meliori
1023 1595 1066 1647 se,
1082 1583 1118 1635 ut
1133 1571 1335 1657 dispositioni
1350 1570 1479 1648 divinae,

523 1695 601 1758 quae
616 1673 645 1736 ei
659 1674 853 1752 innotuerat,
869 1671 1094 1758 acquiesceret,
1111 1684 1146 1735 ut
1158 1669 1377 1757 poenitentiam
1394 1683 1481 1734 ante-

525 1788 606 1842 actoe
618 1776 694 1840 vitae
703 1788 812 1860 ageret
824 1775 1031 1839 fructuosam.
1064 1773 1126 1838 Sed
1139 1775 1197 1858 qui
1208 1773 1360 1836 adversus
1371 1771 1482 1836 Domi-

525 1899 602 1940 num
619 1876 799 1940 calcaneum
817 1879 953 1941 tumoris
961 1881 1130 1951 extulerat,
1144 1872 1300 1961 populum
1315 1875 1347 1938 in
1357 1886 1481 1940 montes

527 1977 662 2054 Gelboe,
693 1977 747 2043 ubi
773 1977 956 2063 puniendus
986 1990 1019 2042 et
1043 1976 1237 2040 occidendus
1261 1988 1342 2052 erat,
1369 1977 1481 2040 eduxit

524 2080 559 2144 in
575 2079 732 2165 praelium.
777 2077 889 2144 Occidi
911 2078 1069 2164 siquidem
1091 2078 1123 2142 in
1147 2090 1255 2142 monte
1277 2077 1401 2153 debuit,
1425 2075 1479 2163 qui

526 2201 591 2245 non
600 2179 659 2244 uisi
672 2179 737 2244 alta
748 2180 780 2243 in
793 2180 897 2266 seipso
906 2180 1055 2265 respexit.
1099 2179 1185 2256 Quia
1194 2199 1270 2262 ergo
1280 2201 1352 2241 eum
1365 2177 1482 2242 veritas

526 2282 596 2366 ipsa
615 2281 767 2360 deseruit,
789 2280 831 2344 ad
852 2281 972 2345 fontem
996 2280 1151 2344 mendacii
1175 2279 1275 2342 falsus
1297 2292 1329 2342 et
1351 2278 1481 2364 iniquus

526 2383 674 2470 princeps
687 2382 842 2465 confugit.
888 2383 981 2447 Dixit
997 2381 1106 2468 itaque
1115 2381 1213 2446 servis
1228 2382 1315 2446 suis:
1338 2381 1481 2458 Quarite

527 2484 605 2548 mihi
628 2484 803 2560 mulierem,
826 2483 996 2549 habentem
1019 2485 1210 2569 Pythonem,
1233 2496 1265 2547 et
1296 2482 1410 2547 vadam
1440 2484 1483 2548 ad

524 2608 607 2664 eam,
636 2598 668 2650 et
699 2585 883 2651 sciscitabor
907 2607 963 2670 per
983 2585 1080 2650 illam.
1123 2585 1214 2662 Quid
1236 2584 1325 2648 aliud
1346 2584 1480 2648 dixisset

525 2685 665 2797 gentilis,
677 2685 826 2772 idemque
837 2686 1002 2772 perfidus?
1018 2689 1133 2750 Nonne
1143 2685 1226 2750 idem
1236 2700 1285 2750 est
1295 2708 1333 2750 ac
1346 2685 1372 2748 si
1385 2684 1482 2762 dicat,

655 2806 776 2859 Flectere
787 2807 809 2858 si
820 2822 923 2874 nequeo
934 2821 1049 2877 superos,
1062 2804 1214 2857 Acheronta
1224 2804 1349 2858 movebo?

525 2920 583 2974 aut
605 2908 801 2974 fidelioribus
824 2910 942 2985 verbis,
965 2922 996 2973 et
1020 2908 1171 2972 insaniori
1186 2908 1332 2993 perfidia,
1349 2908 1383 2974 Si
1403 2907 1480 2971 mihi

529 3012 620 3075 Deus
649 3007 794 3073 notitiam
824 3007 984 3073 subtrahit
1012 3007 1167 3087 veritatis,
1197 3031 1265 3073 eam
1296 3025 1402 3074 tamen
1425 3030 1482 3094 per

527 3122 651 3197 patrem
666 3108 832 3189 mendacii,
848 3132 887 3172 eo
906 3108 1017 3188 inrito,
1035 3133 1235 3195 cognoscam,
1256 3124 1288 3176 et
1309 3111 1384 3175 velit
1403 3109 1482 3174 nolit

527 3234 676 3276 arcanum
698 3210 819 3275 consilii
841 3210 922 3297 ejus,
936 3232 993 3295 per
1015 3222 1189 3297 potestates
1210 3212 1405 3276 adversarias
1424 3234 1480 3275 ex·

527 3312 685 3398 plorabo?
709 3314 754 3377 Et
768 3312 919 3377 dixerunt
936 3312 1018 3375 servi
1032 3312 1103 3399 ejus
1117 3313 1159 3379 ad
1174 3336 1266 3377 eum:
1292 3314 1352 3376 Est
1367 3312 1483 3376 mulier

527 3413 649 3477 habens
670 3413 849 3499 Pythonem
865 3413 898 3475 in
915 3412 1037 3477 Endor.
1055 3412 1212 3499 Indignus
1226 3414 1310 3478 enim
1325 3425 1394 3478 erat
1409 3436 1482 3477 con·

526 3513 701 3580 saltatione
722 3513 818 3591 virili,
832 3536 931 3601 quem
947 3514 979 3578 in
996 3527 1119 3581 tantum
1137 3515 1317 3602 desperatio
1331 3515 1482 3601 fregerat,

451 3626 454 3636 '
529 3628 565 3681 ut
579 3614 675 3680 etiam
688 3614 729 3678 ab
744 3614 877 3678 infirmis
891 3628 924 3680 et
936 3615 1157 3681 infirmissimis
1170 3619 1325 3682 creaturis
1336 3617 1378 3681 ad
1393 3630 1484 3681 tuen-

525 3715 606 3780 dum
619 3713 678 3780 sibi
695 3736 841 3800 regnum,
857 3714 944 3800 quod
961 3716 1119 3780 Dominus
1139 3718 1315 3797 auferebat,
1330 3716 1484 3780 adversus

525 3818 614 3882 omni
636 3816 811 3904 potentiam
827 3816 908 3901 ejus,
923 3816 1079 3881 auxilium
1099 3817 1294 3903 imploraret.
1341 3814 1484 3879 Mutavit

526 3938 606 3999 ergo
616 3917 760 3982 habitum
772 3938 878 3994 suum,
889 3919 1088 4003 vestitusque
1099 3918 1225 3982 estaliis
1236 3916 1443 3995 vestimentis,
1452 3927 1485 3980 et

526 4015 606 4080 abiit
616 4018 685 4102 ipse
696 4034 728 4081 et
739 4018 805 4081 duo
817 4018 877 4081 viri
888 4040 960 4081 cum
973 4041 1023 4095 eo,
1035 4029 1255 4101 veneruntque
1265 4016 1306 4079 ad
1316 4015 1482 4080 mulierem

527 4128 630 4178 nocte.
675 4120 775 4180 Recte
797 4115 927 4201 quidem
948 4117 1066 4198 omnia,
1086 4117 1164 4202 quia
1185 4128 1293 4180 rectus
1313 4127 1372 4196 est,
1387 4115 1484 4181 etiam

525 4215 615 4299 apud
632 4237 795 4301 perversos
810 4215 949 4301 Spiritus
972 4231 1109 4283 sanctus.
1153 4216 1257 4303 Regio
1273 4240 1412 4305 namque
1427 4217 1484 4279 ha-

515 4317 598 4381 bitu
620 4316 731 4383 debuit
754 4318 896 4402 spoliari,
906 4321 969 4410 qui
991 4320 1031 4383 ad
1055 4319 1255 4385 serviendum
1272 4319 1485 4397 damonibus,

523 4432 557 4483 et
578 4440 642 4484 non
664 4419 747 4497 Deo,
763 4420 939 4485 infaustum
963 4422 1143 4508 arripuerat
1164 4423 1236 4487 iter.
1284 4422 1349 4498 Qui
1366 4433 1485 4485 vestem
