3575 5575
339 827 409 872 cnr.
424 811 473 889 m]
699 831 954 877 ronvcnarrcus.
1223 820 1288 882 303

336 988 548 1063 extorqueant
579 980 792 1068 impudenter.
848 981 957 1046 Pudor
990 996 1096 1046 autern
1127 984 1287 1071 abjicitur,

336 1078 429 1142 simul
445 1081 537 1146 acad
553 1083 733 1147 exactiones
753 1099 880 1148 ventum
897 1097 955 1147 est.
1002 1085 1153 1165 Verbum,
1168 1087 1285 1172 iuquit,

339 1181 550 1245 verecundum
581 1184 717 1269 supplici
747 1207 783 1248 ac
814 1184 970 1248 submissa
1000 1206 1074 1248 voce
1104 1188 1286 1270 dicendum,

337 1280 442 1366 Rogo,
453 1306 510 1347 nec
524 1286 625 1369 gratis
637 1285 723 1363 tulit,
735 1287 791 1371 qui
805 1308 903 1371 quum
920 1299 1046 1370 rogaret
1058 1288 1189 1373 accepit.
1231 1291 1286 1354 Bis

336 1382 419 1445 enim
440 1385 525 1461 emit,
542 1390 599 1471 qui
620 1400 721 1470 rogat.
760 1387 814 1449 Ad
836 1388 881 1450 rei
901 1410 1037 1473 namque
1058 1388 1107 1453 vel
1128 1388 1194 1476 spei
1214 1414 1285 1476 pre·

337 1483 430 1564 tium,
457 1487 681 1552 verecundiam
712 1488 866 1552 vendidit.
924 1491 1046 1553 Munus
1082 1513 1156 1554 vero
1185 1494 1285 1581 justae

334 1585 586 1668 reprehensionis
606 1608 670 1650 non
694 1588 790 1652 habet
812 1602 932 1665 uotam,
948 1589 1036 1674 quod
1061 1590 1188 1655 devotio
1207 1593 1285 1658 libe-

335 1685 470 1752 ralitatis
490 1688 620 1780 obtulit,
636 1713 698 1754 nou
714 1689 901 1775 improbitas
922 1692 1121 1776 deprecantis
1142 1695 1284 1759 extorsit.

339 1790 391 1850 lta
414 1802 518 1854 tamen
535 1803 572 1855 ut
587 1793 772 1877 iniquorum
789 1814 919 1856 munera
934 1815 996 1856 non
1012 1807 1168 1879 acceptet,
1184 1819 1284 1880 quum

336 1887 450 1972 ingrati
475 1890 610 1954 bominis
633 1894 683 1967 sit,
706 1892 789 1956 votis
811 1915 873 1956 non
902 1894 1005 1956 fovere
1031 1893 1230 1974 beneficium,
1252 1910 1284 1962 et

336 1988 470 2072 impium
493 2014 550 2077 pro
571 1993 758 2057 muneribus
776 1991 964 2078 justificare,
982 1993 1106 2058 dicente
1132 1995 1282 2074 Domino,

335 2091 374 2152 sit
389 2088 545 2177 iniquum.
584 2097 708 2180 Utique
723 2093 909 2159 beneficium
930 2095 1071 2180 accipere
1086 2104 1133 2159 est
1147 2098 1283 2161 vendere

333 2190 523 2271 libertatem,
545 2206 578 2260 et
603 2195 757 2260 dedecens
782 2208 830 2261 est
855 2217 963 2261 servos
988 2217 1056 2259 esse
1082 2197 1138 2282 qui
1165 2197 1282 2264 debent

331 2292 400 2356 aliis
415 2294 580 2380 imperare.
619 2298 846 2362 Verumtamen
868 2309 900 2361 et
920 2320 1024 2361 causae
1040 2296 1120 2361 ratio
1135 2297 1282 2363 habenda

332 2404 380 2456 est
395 2407 427 2458 et
443 2417 595 2481 personae,
608 2409 644 2460 ut
659 2419 717 2460 nec
731 2419 750 2459 a
765 2399 864 2481 turpi,
877 2419 934 2459 nec
946 2397 1084 2481 turpiter
1098 2397 1282 2482 accipiatur,

332 2495 421 2580 quod
445 2519 486 2560 ex
511 2496 593 2576 loco,
617 2509 649 2561 et
676 2510 829 2581 tempore,
855 2509 888 2561 et
915 2497 1010 2561 modo
1036 2497 1131 2562 latius
1155 2511 1281 2584 oportet

332 2597 459 2682 inquiri.
518 2598 601 2660 Nam
637 2598 827 2684 plerumque
856 2621 876 2662 a
906 2621 1013 2676 manu,
1043 2598 1232 2684 plerumque
1262 2623 1281 2663 a

331 2720 437 2774 causa,
450 2720 469 2760 a
481 2710 622 2783 tempore
633 2698 807 2778 interdum,
818 2698 979 2762 interdum
992 2721 1010 2761 a
1022 2697 1102 2774 loco,
1114 2699 1165 2761 vel
1175 2700 1280 2776 modo,

332 2796 499 2883 splendent
528 2820 658 2862 munera
686 2798 738 2863 vel
768 2800 962 2864 sordescunt.
1019 2801 1067 2863 At
1094 2800 1281 2885 improbitas

332 2899 498 2966 curialium
514 2923 552 2964 eo
567 2924 670 2986 usque
684 2901 836 2978 innotuit,
852 2915 888 2966 ut
905 2901 945 2965 de
967 2901 1147 2966 testimonio
1161 2903 1279 2966 consci-

330 3002 437 3079 entiae,
457 3002 498 3066 de
520 3014 685 3067 venustate
708 3026 843 3079 morum,
865 3004 905 3067 de
928 3002 1025 3066 odore
1047 3002 1214 3087 opinionis,
1238 3005 1278 3069 de

330 3105 508 3169 sinceritate
526 3128 640 3181 causae,
656 3104 697 3168 de
719 3117 859 3170 torrente
878 3104 1082 3190 eloquentiae,
1096 3104 1155 3167 nisi
1175 3107 1278 3191 pretio

329 3205 569 3285 interveniente,
583 3206 656 3291 quis
670 3206 791 3269 frustra
806 3204 955 3269 confidat.

432 3319 495 3390 Ipse
505 3317 567 3371 licet
577 3320 666 3371 venias
679 3318 764 3371 Musis
776 3318 928 3381 comitatus,
943 3316 1068 3379 Homere,

538 3405 567 3456 Si
577 3403 643 3457 nihil
655 3403 782 3468 attuleris,
794 3404 845 3455 ibis
859 3403 974 3455 Homera
986 3401 1065 3453 foras.

330 3506 402 3568 Non
431 3506 526 3570 modo
551 3506 656 3569 leones
681 3519 713 3570 et
739 3505 882 3589 tigrides,
904 3503 1099 3588 'eloquentiae
1126 3502 1277 3567 beneficio

329 3606 441 3669 lenisse
464 3606 570 3670 dictus
593 3621 642 3671 est
668 3606 826 3693 Orpbeus,
848 3607 902 3669 sed
928 3606 1015 3690 apud
1036 3606 1142 3691 ipsum
1167 3604 1275 3667 Ditem

328 3730 392 3771 vox
413 3707 538 3772 dulcior
557 3708 727 3793 peroravit,
747 3730 921 3793 canemque
941 3706 1112 3792 tricipitem
1133 3706 1276 3769 exoravit

327 3833 426 3873 causa
450 3810 666 3886 favorabilior,
693 3822 729 3871 ut
760 3808 928 3872 admissam
955 3806 1050 3870 semel
1081 3805 1274 3890 Eurydicem

326 3924 437 3974 contra
460 3932 577 3973 morem
601 3910 775 3972 inferorum
800 3908 908 3972 liceret
935 3908 1076 3972 educere.
1122 3910 1172 3971 Tu
1200 3930 1275 3970 vero

325 4012 396 4075 licet
418 4010 568 4096 Orpheus
598 4011 651 4086 sis,
672 4022 729 4073 aut
754 4009 867 4084 Arion,
890 4009 938 4072 vel
963 4006 1017 4070 ille
1038 4008 1093 4094 qui
1117 4008 1183 4071 solo
1213 4022 1274 4072 tes·

325 4112 445 4174 tudinis
467 4134 554 4188 sono,
578 4133 664 4189 saxa,
689 4122 725 4174 ut
748 4108 876 4184 dicitur,
900 4107 1064 4185 emollivit,
1086 4108 1164 4170 nibil
1186 4108 1272 4193 apud

324 4212 459 4275 curiales
473 4212 597 4292 efficies,
613 4211 670 4275 nisi
692 4211 840 4295 plumbea
863 4233 972 4274 eorum
993 4210 1090 4274 corda
1105 4233 1201 4273 atrreo
1224 4211 1273 4272 vel

321 4326 472 4397 argenteo
488 4312 600 4375 malleo
617 4313 765 4376 vanitatis
782 4312 831 4374 vel
847 4311 1032 4396 cupiditatis
1047 4310 1162 4375 incude
1178 4310 1274 4371 emol-

322 4413 388 4477 lias.
436 4413 675 4476 inclementiam
699 4413 829 4478 Cerberi
848 4435 956 4475 omnes
978 4411 1159 4475 abhorrent.
1200 4412 1271 4494 Ego
