3575 5575
492 827 556 888 2⁶24
750 838 887 884 roauura
904 837 1182 884 sanssuuarnusrs
1300 822 1382 902 [ms.
1399 819 1472 890 1v.‘

495 989 605 1064 Quum
618 1001 724 1055 autem
735 990 861 1055 eosdem
872 989 913 1053 ad
926 990 1089 1055 caritatem
1103 1001 1133 1054 ct
1144 990 1343 1056 concordiam
1356 1016 1444 1058 revo-

492 1106 604 1170 casset,
633 1091 716 1157 dixit
746 1089 807 1155 sibi
835 1103 988 1177 tanquam
1018 1090 1150 1170 homiui,
1178 1103 1211 1156 ct
1239 1095 1297 1177 qui
1320 1093 1444 1179 judicio

493 1193 671 1280 subjaceret
691 1191 902 1272 sacerdotum,
914 1191 1062 1257 illicitum
1084 1213 1151 1255 esse
1166 1194 1310 1256 Deorum
1330 1195 1448 1259 exami-

491 1315 568 1356 nare
582 1315 704 1366 causas,
720 1291 778 1378 qui
793 1313 855 1355 non
872 1303 1003 1376 possunt
1016 1290 1076 1354 nisi
1092 1312 1111 1352 a
1126 1289 1193 1354 solo
1208 1294 1279 1356 Deo
1296 1293 1445 1378 judicari.

494 1390 700 1478 Libellosque
722 1413 804 1478 quos
824 1403 990 1477 acceperat
1012 1413 1075 1455 nou
1094 1391 1264 1476 inspectos,
1286 1393 1375 1459 dedit
1398 1395 1444 1459 in-

492 1493 614 1573 cendio,
628 1506 757 1579 patrum
773 1493 894 1557 veritus
908 1492 1040 1556 crimina
1056 1491 1103 1556 vel
1118 1493 1257 1558 convitia
1271 1495 1446 1579 publicare,

493 1607 526 1662 et
553 1594 654 1661 Cham
685 1596 812 1680 reprobi
834 1593 892 1658 filii
918 1592 1169 1658 maledictionem
1197 1594 1368 1674 incurrere,
1389 1598 1447 1684 qui

492 1698 594 1784 patris
607 1697 745 1763 verenda
758 1721 820 1762 non
836 1697 928 1763 texit.
972 1697 1070 1760 Unde
1085 1710 1118 1763 et
1133 1696 1165 1761 in
1182 1699 1308 1785 scriptis
1325 1700 1448 1768 Nicolai

493 1796 630 1864 Romani
656 1800 822 1865 Pontificis
847 1799 933 1863 idem
959 1797 1077 1862 dixisse
1103 1811 1270 1864 narratur:
1312 1801 1391 1865 Vere
1421 1804 1446 1866 si

493 1901 632 1988 propriis
645 1901 746 1966 oculis
761 1901 908 1966 vidissem
932 1899 1126 1964 sacerdotem
1144 1901 1219 1980 Dei,
1233 1915 1290 1965 aut
1309 1902 1447 1988 aliquem

492 2025 602 2068 eorum
620 2003 677 2089 qui
697 2002 880 2067 monachico
896 2001 1008 2067 habitu
1029 2001 1254 2066 circumamicti
1278 2016 1363 2084 sunt,
1378 2028 1450 2092 pec-

494 2116 631 2179 cantem,
645 2103 845 2188 chlamydem
860 2126 962 2169 mcam
982 2101 1185 2189 explicarem,
1201 2116 1232 2168 et
1254 2104 1446 2191 cooperirem

494 2227 580 2286 eum,
605 2227 644 2268 ne
673 2205 714 2270 ab
742 2204 851 2290 aliquo
880 2205 1054 2269 videretur.
1099 2203 1164 2270 Sed
1190 2218 1222 2270 et
1248 2205 1447 2271 Theodosius

494 2329 629 2391 magnus
656 2307 845 2392 Imperator,
867 2305 910 2369 ob
935 2305 1080 2369 meritam
1106 2326 1234 2387 noxam,
1255 2328 1317 2369 non
1343 2320 1447 2371 tamen

494 2421 627 2472 eotenus
641 2428 782 2492 gravem,
797 2430 817 2471 a
828 2407 996 2480 ¹sacerdote
1012 2405 1245 2472 Mediolanensi
1259 2431 1279 2472 a
1293 2409 1446 2494 regalium

495 2531 556 2573 usu
576 2523 608 2573 et
632 2508 809 2593 insignibus
829 2509 954 2595 imperii
978 2531 1149 2595 suspensus
1170 2522 1231 2587 est,
1246 2525 1278 2575 et
1298 2509 1447 2575 indictam

494 2609 554 2675 sibi
569 2609 789 2696 poenitentiam
800 2609 961 2674 homicidii
974 2610 1130 2696 patienter
1144 2624 1177 2675 et
1189 2612 1357 2676 solenniter
1371 2613 1447 2696 egit.

495 2711 645 2777 Proiecto
661 2722 698 2775 ut
720 2709 859 2775 doctoris
879 2713 1024 2796 gentium
1047 2711 1228 2776 testimonio
1250 2725 1333 2792 utar,
1348 2713 1450 2799 major

493 2826 542 2878 est
566 2812 624 2899 qui
648 2811 820 2888 benedicit,
844 2834 941 2893 quam
972 2813 1030 2899 qui
1056 2812 1267 2893 benedicitur,
1292 2827 1324 2879 et
1353 2836 1450 2900 penes

494 2937 590 3000 quem
616 2926 664 2978 est
685 2910 884 2976 conferendas
907 2910 1072 2997 dignitatis
1094 2916 1279 2993 auctoritas,
1301 2939 1373 2980 eum
1395 2917 1448 2981 cui

494 3014 634 3100 dignitas
655 3013 725 3099 ipsa
746 3011 921 3090 confertur,
937 3013 1065 3078 honoris
1086 3015 1257 3103 privilegio
1279 3018 1449 3083 antecedit.

493 3116 595 3179 Porro
608 3112 649 3177 de
663 3112 784 3177 ratione
801 3112 896 3199 juris,
911 3114 981 3200 ejus
996 3129 1043 3178 est
1066 3115 1160 3191 nolle,
1176 3118 1270 3202 cujus
1291 3131 1340 3183 est
1355 3119 1448 3195 velle,

494 3228 526 3280 et
538 3218 608 3301 ejus
622 3229 669 3281 est
680 3214 817 3291 auferre,
829 3212 885 3300 qui
901 3215 941 3278 de
953 3216 1027 3301 jure
1039 3217 1184 3281 conferre
1193 3229 1309 3302 potest.
1333 3223 1448 3284 Nonne

496 3318 624 3381 Samuel
638 3317 670 3380 in
687 3318 813 3380 Saulem
829 3339 869 3380 ex
885 3340 981 3381 causa
995 3318 1220 3383 inobedientias
1242 3317 1449 3404 depositionis

494 3419 680 3483 sententiam
695 3417 783 3495 tulit,
798 3431 830 3483 et
845 3419 874 3483 ei
889 3418 922 3483 in
937 3422 1027 3506 regni
1042 3419 1161 3504 apicem
1177 3418 1330 3483 humilem
1345 3419 1447 3485 filium

494 3517 559 3585 Isai
574 3517 783 3603 subrogavit?
811 3517 845 3584 Si
860 3541 936 3584 vero
950 3522 1142 3584 constitutus
1159 3520 1307 3607 princeps
1322 3543 1450 3607 suseep-

495 3634 564 3686 tum
591 3619 801 3685 ministerium
826 3619 964 3687 fideliter
990 3618 1135 3707 gesserit,
1160 3635 1270 3687 tantus
1294 3623 1323 3687 ei
1348 3623 1450 3687 honor

493 3722 693 3790 exhibendus
715 3733 773 3803 est,
795 3734 828 3787 et
849 3723 1025 3788 reverentia
1048 3736 1149 3804 tanta,
1171 3736 1326 3811 quantum
1350 3735 1446 3809 caput

492 3827 640 3892 omnibus
663 3824 814 3890 membris
839 3826 981 3911 corporis
1007 3825 1177 3892 antecellit.
1223 3824 1315 3891 Gerit
1340 3837 1448 3889 autem

493 3928 702 3993 ministerium
723 3926 872 4004 fideliter,
892 3948 994 4012 quum
1017 3952 1084 3994 suae
1106 3928 1295 3994 conditionis
1317 3950 1448 4007 memor,

493 4028 711 4093 universitatis
732 4028 948 4113 subjectorum
973 4052 1006 4093 se
1027 4053 1195 4115 personam
1217 4053 1326 4115 gerere
1346 4051 1450 4095 recor-

493 4128 602 4205 datur,
627 4141 660 4193 et
685 4151 719 4193 se
741 4151 803 4192 non
828 4130 887 4194 sibi
912 4153 1000 4195 suam
1027 4136 1138 4207 vitam,
1163 4132 1217 4197 sed
1241 4133 1312 4197 aliis
1334 4132 1449 4197 debere

493 4227 666 4314 cognoscit,
690 4241 722 4293 et
747 4251 816 4292 eam
847 4229 909 4293 illis
939 4230 1085 4294 ordinata
1113 4233 1245 4297 caritate
1272 4233 1451 4297 distribuit.

494 4328 614 4394 Totum
639 4351 716 4414 ergo
740 4352 772 4392 se
799 4334 869 4395 Deo
894 4330 1003 4408 debet,
1029 4331 1199 4416 plurimum
1229 4356 1297 4399 suae
1324 4336 1448 4419 patriae,

494 4434 634 4501 multum
656 4433 850 4519 parentibus,
870 4434 1072 4521 propinquis,
1088 4437 1246 4500 extraneis
1269 4436 1447 4515 minimum,
