3575 5575
341 820 411 868 car.
427 803 498 886 xu]
716 822 970 870 murcuurrcns.
1230 812 1294 873 823

340 975 534 1057 qualitatem.
579 975 672 1040 Licet
696 977 781 1040 enim
808 979 1018 1060 patrocinium
1038 978 1162 1062 justum
1187 983 1290 1063 possit

338 1073 478 1139 vendere
492 1076 674 1156 advocatus,
691 1087 725 1141 et
744 1079 864 1160 peritus
880 1079 964 1161 juris
981 1097 1092 1142 sanum
1108 1079 1289 1162 consilium,

334 1175 491 1262 judicium
507 1178 645 1242 vendere
661 1179 793 1242 omnino
804 1181 969 1242 nonlicet.
1008 1177 1125 1244 Cicero
1140 1201 1239 1263 quum
1254 1182 1289 1245 in

339 1277 465 1342 Palatio
480 1278 611 1342 domum
626 1280 726 1344 vellet
739 1301 855 1354 emere,
867 1289 900 1342 et
913 1280 1083 1363 pecuniam
1098 1279 1133 1342 in
1148 1301 1289 1364 praesens

338 1401 404 1444 non
423 1381 565 1458 haberet,
586 1403 606 1445 a
625 1381 715 1464 Sylla
734 1380 789 1464 qui
807 1391 884 1444 tunc
904 1401 979 1444 reus
999 1391 1077 1454 erat,
1092 1391 1203 1446 mutuo
1223 1404 1289 1446 ses·

337 1482 466 1545 tertium
480 1482 579 1545 vicies
588 1482 687 1545 tacite
701 1482 835 1564 accepit
871 1483 925 1545 Ea
938 1503 988 1545 res
1002 1483 1189 1566 priusquam
1204 1506 1289 1547 eme-

338 1591 434 1660 retur,
455 1582 584 1667 prodita
602 1591 661 1658 est,
682 1591 715 1646 et
737 1582 773 1644 in
794 1583 909 1664 vulgus
930 1582 1042 1661 exivit,
1063 1583 1289 1666 objectumque

339 1693 388 1747 est
410 1684 451 1761 ei,
474 1684 562 1768 quod
584 1685 755 1767 pecuniam
775 1680 889 1747 domus
910 1683 1054 1748 emendae
1076 1705 1174 1748 causa
1195 1706 1214 1748 a
1234 1707 1289 1749 reo

337 1786 527 1868 accepisset.
583 1787 679 1849 Tunc
710 1785 825 1849 Cicero
851 1785 1019 1869 inopinata
1046 1787 1290 1868 exprobratione

336 1898 510 1970 permotus,
522 1888 686 1970 accepisse
702 1908 736 1950 se
750 1887 889 1971 negavit,
901 1885 1013 1951 dicens
1028 1908 1062 1951 se
1078 1885 1207 1951 domum
1223 1911 1289 1952 non

338 2009 408 2051 esse
432 1998 620 2072 empturum.
666 1990 772 2071 Atque
798 1989 879 2053 adeo
902 1989 1019 2052 falsum
1044 1999 1092 2054 est
1118 1990 1214 2074 quod,
1239 1991 1288 2054 in·

339 2091 418 2174 quit,
436 2090 587 2174 objicitis,
601 2101 637 2153 ut
656 2110 765 2153 verum
785 2091 828 2155 sit
847 2112 901 2154 me
923 2091 1093 2173 pecuniam
1113 2093 1286 2176 accepisse,

337 2193 365 2255 si
386 2193 517 2257 domum
537 2213 652 2256 emero.
701 2191 765 2256 Sed
781 2213 881 2274 quum
896 2200 1010 2276 postea
1024 2193 1163 2270 emisset,
1178 2205 1211 2257 et
1224 2193 1287 2258 hoc

337 2294 542 2358 mendacium
556 2294 589 2357 in
606 2294 726 2358 Senatu
741 2295 772 2357 ei
786 2296 828 2357 ab
848 2294 988 2357 inimicis
1003 2295 1204 2379 objiceretur,
1218 2295 1288 2358 risit

337 2395 426 2474 satis,
455 2406 551 2480 atque
580 2394 663 2457 inter
696 2393 879 2468 ridendum,
910 2392 1145 2476 Imprudentes,
1173 2393 1289 2476 inquit,

336 2497 483 2561 homines
504 2497 589 2569 estis,
606 2516 706 2578 quum
721 2493 873 2576 ignoratis
887 2493 1052 2579 prudentis
1067 2506 1099 2559 et
1121 2498 1208 2560 cauti
1229 2518 1285 2580 pa-

335 2598 529 2663 tristamilias
543 2617 625 2675 esse,
640 2597 727 2680 quod
749 2618 852 2660 emere
872 2597 960 2676 velit,
976 2617 1009 2660 se
1025 2610 1202 2682 empturum
1218 2619 1288 2664 esse

302 2742 306 2751 ·
335 2721 462 2780 negare,
481 2709 611 2783 propter
629 2699 853 2781 competitores
868 2698 1049 2782 emptionis
1093 2699 1148 2763 Sic
1167 2700 1286 2784 itaque,

337 2802 424 2886 quod
445 2801 580 2865 inficiari
602 2822 668 2864 non
691 2809 826 2884 poterat,
848 2802 972 2863 urbano
998 2800 1166 2884 facetoque
1191 2802 1285 2866 diluit

336 2902 434 2977 dicto,
449 2924 515 2965 rem
530 2901 633 2983 magis
647 2899 779 2983 dignam
793 2902 915 2965 faciens
935 2902 1011 2980 risu,
1027 2923 1123 2986 quam
1143 2905 1283 2968 crimine.

335 3002 505 3065 Familiare
531 3000 689 3084 siquidem
714 3001 865 3079 habebut,
887 3011 924 3064 ut
947 3002 1098 3085 quotiens
1123 3003 1285 3086 objectum

336 3115 428 3188 turpe
443 3105 601 3184 abnegare
616 3124 681 3166 non
697 3104 822 3187 posset,
832 3102 1040 3185 responsione
1050 3102 1186 3186 joculari
1205 3104 1285 3169 illud

334 3204 488 3270 eluderet.
524 3204 767 3288 Amplectendae
782 3204 956 3283 memoriae,
970 3213 1003 3267 et
1017 3204 1179 3268 imitandae
1194 3226 1285 3269 sanc·

333 3308 434 3372 litatis
447 3328 589 3370 summus
605 3306 756 3370 Pontifex
772 3305 950 3388 Eugenius‚
967 3328 1063 3390 quem
1076 3306 1196 3387 vidisti,
1213 3310 1285 3373 nul·

332 3412 400 3474 lum
414 3410 544 3474 omnino
559 3430 676 3473 munus
696 3409 836 3473 hominis
854 3409 1010 3491 litigantis
1031 3410 1216 3493 recipiebat,
1231 3423 1286 3475 eut

334 3512 387 3575 cui
400 3512 491 3574 litem
505 3510 649 3575 crederet
661 3511 836 3575 imminere.
873 3510 972 3575 Unde
987 3532 1087 3595 quum
1100 3510 1135 3574 in
1146 3512 1285 3577 adventu

335 3633 394 3676 suo
417 3610 510 3673 Prior
535 3612 666 3693 quidam
690 3610 828 3675 modicae
850 3611 1021 3689 facultatis
1043 3612 1133 3695 cujus
1155 3632 1285 3675 causam

334 3712 480 3778 nondum
505 3711 658 3789 audierat,
680 3712 711 3775 ei
735 3734 874 3777 marcam
899 3713 967 3776 auri
992 3710 1160 3775 devotione
1185 3714 1286 3777 multa

332 3818 489 3881 instanter
507 3815 644 3892 offerret,
660 3812 825 3892 Nondum,
839 3813 957 3897 inquit,
971 3812 1101 3876 domum
1123 3813 1284 3895 ingressus

332 3940 378 3997 es,
393 3927 426 3982 et
438 3916 508 4000 jam
523 3915 572 3979 vis
592 3935 792 3997 corrumpere
810 3912 998 3977 dominum?
1037 3913 1282 3997 Corruptionem

331 4041 472 4104 namque
501 4019 548 4082 vir
576 4027 706 4081 sanctus
735 4015 881 4094 credidit,
908 4015 1066 4100 quicquid
1095 4016 1284 4082 offerebatur

327 4123 435 4207 judici
453 4121 509 4185 lite
528 4120 702 4206 pendente.
747 4117 930 4183 Bernardus
953 4116 1197 4183 clarevallensis
1215 4142 1283 4185 mo·

334 4224 470 4300 nachus,
491 4232 524 4285 et
544 4232 724 4286 sanctorum
747 4220 876 4287 Cosmae
902 4228 935 4283 et
955 4219 1105 4283 Damiani
1127 4219 1284 4284 diaconus

334 4324 518 4402 cardinalis,
547 4326 659 4389 Romae
689 4325 811 4406 degens
838 4324 873 4385 in
908 4324 1046 4387 excelsis
1081 4321 1283 4401 singulariter

335 4426 502 4505 habitavit,
518 4428 686 4492 excutiens
704 4447 818 4491 manus
840 4445 914 4488 suas
930 4427 970 4489 ab
987 4424 1073 4487 omni
1094 4444 1235 4505 munere,
1249 4435 1285 4490 ut

775 4547 794 4589 r
819 4533 839 4589 2
