3575 5575
473 753 536 813 200
732 757 868 803 roauurs
883 754 1160 802 saussnnnmnsrs
1279 737 1360 821 [nra.
1376 757 1429 800 111.

478 919 529 982 dis
543 914 669 1000 positio.
715 909 812 975 Unde
833 910 913 973 licet
934 909 1033 972 invito
1056 919 1089 971 et
1107 910 1300 992 repugnanti
1323 911 1430 974 animo

476 1021 664 1104 plerumque
685 1013 829 1091 affluant,
850 1033 906 1076 cor
926 1022 1030 1075 tamen
1054 1032 1214 1094 apponere
1232 1012 1338 1075 fidelis
1359 1013 1431 1096 phi·

477 1118 633 1202 losophus
653 1115 812 1198 prohibet,
834 1124 867 1176 et
881 1112 993 1175 doctor
1007 1113 1150 1194 gentium
1164 1135 1231 1192 coe,
1247 1115 1302 1197 qui
1317 1113 1430 1177 divites

477 1221 547 1284 fieri
563 1219 707 1302 cupiunt,
725 1216 759 1278 in
773 1216 923 1298 laqueum
944 1213 1077 1289 diaboli,
1092 1224 1125 1277 et
1146 1215 1328 1286 tentationis
1351 1215 1431 1280 dicit

475 1320 630 1386 incidere.
683 1319 728 1380 Et
749 1317 805 1400 qui
828 1326 963 1397 utroque
985 1313 1085 1398 major
1113 1326 1172 1394 est,
1201 1316 1430 1400 primogenitus

478 1430 687 1498 mortuorum,
709 1428 742 1482 et
755 1416 908 1501 princeps
926 1437 1034 1498 regum
1052 1426 1144 1480 terrae
1164 1418 1286 1496 asserit,
1307 1419 1382 1481 Deo
1401 1428 1433 1482 et

478 1527 673 1590 Mammonae
688 1519 782 1582 simul
798 1517 906 1580 serviri
921 1538 987 1580 non
1002 1538 1110 1601 posse.
1152 1517 1314 1590 Quoniam

644 1689 772 1760 Imperat,
783 1691 828 1739 aut
839 1686 918 1737 servit
930 1684 1039 1738 collecta
1052 1687 1159 1756 pecunia
1171 1685 1273 1756 cuique.

483 1828 547 1893 Sed
563 1826 654 1890 diviti
668 1844 832 1906 nunquam
848 1821 954 1896 servit,
970 1831 1025 1885 aut
1040 1842 1118 1884 raro.
1158 1821 1254 1885 Unde
1269 1822 1373 1906 liquet
1387 1821 1435 1886 di·

480 1930 560 1991 vites
569 1921 764 2009 frequentius
773 1922 904 2004 iniquos
913 1943 982 1984 esse
994 1943 1088 2005 quam
1100 1922 1235 1986 heredes
1244 1924 1433 2007 iniquorum.

481 2027 654 2102 Quomodo
668 2047 744 2105 ergo
759 2031 872 2104 regnat
892 2023 1017 2101 caritas,
1038 2025 1095 2087 ubi
1115 2024 1269 2108 iniquitas
1290 2026 1435 2090 domina·

483 2129 556 2194 turl
580 2127 702 2210 Utique
718 2125 806 2188 dives
822 2123 986 2187 familiaris
1008 2146 1077 2188 esse
1094 2127 1195 2204 norit,
1216 2128 1338 2191 amicus
1354 2150 1436 2191 nun·

483 2251 590 2316 quam,
613 2242 668 2290 aut
694 2246 771 2288 raro.
817 2224 882 2286 Hic
898 2237 1006 2287 tamen
1032 2246 1097 2287 non
1125 2226 1165 2288 de
1188 2249 1239 2307 eo,
1262 2229 1317 2312 qui
1338 2228 1436 2293 habet

485 2331 622 2407 divitias,
637 2348 739 2392 sermo
756 2337 814 2402 est,
830 2325 887 2388 sed
904 2324 959 2407 qui
975 2333 1068 2388 amat.
1113 2327 1168 2389 Ex
1190 2329 1307 2411 quibus
1327 2330 1436 2414 liquet,

485 2435 561 2517 quia
582 2442 829 2516 quantacunque
844 2449 888 2490 ex
906 2427 1119 2491 familiaritate
1134 2431 1320 2512 potentioris
1335 2434 1436 2514 gratia

484 2536 637 2608 videatur,
652 2531 840 2611 diligentem
850 2529 1007 2593 cautelam
1023 2530 1123 2611 exigit
1139 2531 1343 2596 subditorum.
1368 2535 1436 2596 Ali-

485 2640 562 2724 quin
574 2635 679 2700 omnis
691 2634 760 2718 ejus
768 2633 931 2708 illecebra,
940 2632 962 2663 “
972 2634 1045 2714 plus
1057 2634 1154 2711 aloes,
1164 2656 1259 2718 quam
1270 2636 1391 2700 mellis”
1402 2637 1435 2699 iu

485 2741 576 2807 exitu
587 2738 735 2802 habitura
746 2746 803 2799 est.
827 2737 869 2799 At
884 2734 1018 2818 expedit
1029 2735 1200 2819 plurimum
1216 2737 1256 2801 ad
1269 2759 1436 2804 successus

484 2865 553 2907 esse
563 2840 728 2905 conscium
741 2848 946 2901 secretorum.
963 2837 1104 2909 Quidni?
1116 2839 1309 2904 Reverentia
1315 2842 1440 2921 crescit,

485 2939 652 3004 invalescit
666 2938 852 3012 auctoritas„
861 2949 1010 3000 arcentur
1022 2938 1238 3013 incommoda,
1250 2943 1441 3025 proveniunt

485 3044 646 3117 utilitates,
690 3041 865 3103 amicorum
899 3050 1034 3121 augetur
1067 3062 1230 3120 numerus,
1265 3046 1439 3108 cultoribus

488 3144 615 3218 accedit
629 3142 767 3221 deuotio,
789 3153 821 3204 et
836 3141 962 3203 fortuna
982 3143 1080 3204 totius
1101 3143 1208 3223 gratiae
1229 3165 1307 3217 suae,
1323 3156 1355 3208 et
1373 3145 1441 3208 seli·

487 3247 592 3313 citatis
621 3266 729 3308 auram
757 3242 882 3305 videtur
910 3243 1047 3306 beatulis
1073 3244 1235 3326 inspirare.
1281 3246 1439 3308 Caeterum

486 3350 616 3410 istorum
632 3346 772 3407 omnium
790 3343 975 3423 norissima,
991 3344 1102 3430 quovis
1113 3344 1272 3407 absinthio
1284 3346 1440 3409 amariora

486 3461 571 3525 sunt,
583 3461 615 3512 et
625 3448 651 3510 si
661 3447 785 3508 interim
799 3468 862 3507 non
873 3457 1084 3519 amarescunt,
1089 3446 1208 3533 justam
1222 3445 1441 3512 amaritudinis

485 3553 606 3629 habent
633 3548 860 3630 suspicionem.
905 3549 972 3612 Res
1003 3546 1161 3633 siquidem
1183 3550 1362 3633 periculosa
1384 3564 1442 3629 est,

486 3651 619 3715 divitum
635 3657 690 3711 aut
704 3658 869 3731 potentum
881 3650 1117 3713 communicare
1134 3650 1272 3713 secretis.
1318 3652 1441 3735 Siquid

487 3754 571 3817 enim
588 3751 635 3815 eis
649 3771 706 3833 per
720 3749 876 3813 incuriam
892 3751 971 3813 forte
987 3750 1133 3829 elabitur,
1156 3752 1218 3829 cui,
1234 3752 1296 3814 nisi
1311 3752 1441 3814 conscio

489 3850 693 3936 imponetur?
718 3850 812 3924 Quod
831 3851 1030 3929 cubicularii,
1046 3858 1100 3916 aut
1111 3854 1290 3931 ciniflones,
1305 3852 1443 3930 mimive,

488 3968 543 4018 aut
571 3956 754 4038 quicunque
776 3954 984 4030 nebulonum,
1015 3955 1132 4035 quibus
1154 3954 1308 4016 delicatus
1337 3952 1444 4016 divitis

489 4075 613 4130 sensus,
636 4065 691 4115 aut
712 4055 798 4115 soror
820 4075 925 4117 carere
948 4075 1013 4116 non
1037 4064 1153 4135 potest,
1175 4054 1208 4115 in
1232 4054 1377 4135 lupanari
1394 4058 1443 4119 rel

487 4159 618 4222 taberna
630 4167 822 4235 sparserunt,
833 4165 888 4219 aut
897 4167 933 4218 ut
942 4176 976 4217 se
984 4153 1218 4218 vendicarenta
1229 4156 1443 4221 familiaritate

486 4255 640 4342 potentis,
656 4252 896 4336 divulgaverunt
908 4255 941 4317 in
955 4255 1087 4337 populo,
1101 4253 1134 4316 in
1151 4253 1237 4319 illius
1250 4257 1442 4320 calumniam

484 4366 694 4440 retorquetur,
708 4356 764 4437 qui
785 4356 817 4418 in
835 4357 978 4420 consiliis
999 4355 1137 4437 aliquem
1163 4359 1271 4439 locum
1297 4359 1383 4422 risus
1399 4370 1447 4422 est
