3575 5575
342 771 412 818 car.
429 751 498 835 xm]
678 771 933 817 mnvcmrrcus.
1227 752 1290 810 827

343 946 431 987 num.
477 926 511 989 Si
535 924 718 1009 quempiam
744 925 956 989 calumniatus
986 945 1066 1003 sum,
1091 924 1118 985 si
1147 920 1292 1005 oppressi

344 1026 492 1109 aliquem.
540 1024 711 1088 Neminem
739 1025 857 1110 injuste
886 1035 1067 1102 vexaverat,
1095 1024 1151 1108 qui
1180 1041 1292 1086 omues

345 1129 520 1191 calumnias
535 1126 740 1206 excludebat,
754 1149 814 1191 nec
829 1126 990 1211 judicium
1010 1127 1079 1210 ejus
1093 1125 1295 1210 pervertebat

345 1249 419 1291 cero
434 1230 485 1291 vel
500 1228 641 1310 sanguis,
658 1230 715 1312 qui
733 1229 857 1292 nullum
880 1249 1022 1310 unquam
1045 1226 1212 1310 oppressit.
1258 1223 1295 1287 Si

345 1328 1090 1412 eniminmanusejusquisquaminciderat,non
1099 1349 1174 1392 eum
1179 1327 1296 1413 judex,

346 1430 404 1493 sed
419 1430 549 1515 propria
562 1428 714 1512 iniquitas
724 1430 935 1512 opprimebat.
974 1430 1009 1492 Si
1024 1429 1064 1493 de
1078 1451 1175 1493 mauu
1190 1429 1296 1512 cujus·

346 1551 441 1614 quam
451 1551 568 1594 munus
576 1529 1110 1613 accepi,contemnamilludhodie,
1119 1529 1298 1592 restituam-

347 1652 409 1714 que
421 1631 523 1693 vobis.
557 1630 644 1704 Quid
653 1651 765 1714 quaeso
774 1631 959 1714 expressius
969 1630 1035 1694 dici
1043 1628 1184 1715 poterat?
1208 1628 1299 1694 Utin

348 1751 474 1794 summa
498 1751 625 1794 omnem
649 1733 787 1795 avaritiae
813 1733 1031 1817 suspicionem
1053 1733 1156 1810 tollat,
1178 1730 1299 1794 nullius

348 1833 490 1896 muneris
520 1833 750 1897 conscientiam
786 1834 883 1898 docet
915 1855 948 1898 se
982 1834 1142 1911 habuisse,
1171 1841 1299 1916 paratus

349 1945 553 1998 contemnere
568 1948 601 1999 ct
614 1936 790 2010 restituere,
801 1936 829 1998 si
843 1936 921 2018 quid
938 1937 1068 2000 omnino
1083 1934 1171 2017 exigi
1181 1944 1299 2018 posset.

349 2036 497 2098 Malebat
509 2035 594 2098 enim
608 2032 689 2098 illud
703 2034 869 2099 restituere
883 2035 918 2097 in
933 2035 1096 2118 praesenti,
1111 2055 1207 2117 quam
1226 2053 1301 2096 cum

349 2135 453 2200 usuris
475 2134 607 2199 reddere
630 2136 664 2198 in
685 2134 801 2209 futuro,
816 2143 849 2198 et
867 2143 1072 2199 contemnere
1094 2135 1174 2198 illud
1194 2133 1302 2211 hodie,

350 2237 450 2300 satius
463 2235 643 2319 judicabat,
666 2257 763 2319 quam
781 2233 816 2299 in
836 2245 1014 2319 conspectu
1028 2236 1093 2299 Dei
1113 2245 1146 2299 et
1159 2235 1302 2299 omnium

349 2341 534 2416 clectomm,
548 2358 592 2401 ex
612 2359 650 2400 ea
672 2358 769 2401 causa
787 2339 823 2398 in
845 2359 948 2400 aevum
971 2337 1224 2420 contemptibilis
1246 2358 1302 2421 ap·

350 2459 469 2522 parere.
514 2437 581 2502 sed
605 2436 685 2520 quid
707 2437 748 2500 ad
771 2437 857 2501 hanc
879 2437 1141 2502 constitutionem
1163 2438 1232 2525 ejus
1254 2458 1303 2501 rc·

350 2539 482 2624 spondit
496 2538 643 2602 auditor?
672 2538 770 2602 Audi.
800 2539 847 2602 Et
869 2539 1032 2603 dixerunt.
1061 2539 1148 2613 Qui?
1180 2539 1303 2622 Utique

350 2648 437 2702 totus
467 2638 578 2700 Israel.
632 2639 718 2700 Nam
747 2638 788 2702 ad
823 2659 934 2702 omnes
972 2659 1097 2702 sermon
1132 2639 1304 2704 direxerat.

353 2739 431 2803 Non
455 2758 491 2801 cs
517 2738 728 2803 calumniatus
753 2759 824 2814 nos,
846 2760 953 2823 neque
979 2739 1179 2823 oppressisti,
1201 2760 1305 2824 neque

300 2860 302 2864 ·
353 2839 454 2902 tulisti
468 2838 509 2903 de
524 2860 622 2903 manu
636 2839 771 2924 alicujus
785 2841 963 2925 quippiam.
1009 2842 1045 2905 Si
1071 2842 1144 2924 quis
1168 2862 1306 2925 procon-

352 2940 469 3016 sulum,
490 2939 715 3023 praesidumve‚
736 2950 792 3005 aut
821 2941 977 3020 tribunus,
996 2951 1052 3005 aut
1072 2944 1229 3019 centurio,
1249 2942 1306 3007 de·

352 3042 492 3121 curiove,
519 3053 575 3107 aut
598 3043 729 3106 omnino
753 3042 871 3126 aliquis
900 3043 1104 3126 magistratus
1127 3047 1191 3109 tale
1216 3044 1304 3109 testi·

354 3144 497 3207 monium
512 3166 531 3207 a
544 3144 793 3227 provincialibus
807 3144 935 3222 memit,
950 3144 993 3208 ad
1016 3145 1215 3230 provinciam
1231 3166 1306 3208 nos·

353 3259 434 3310 tram
450 3267 561 3330 quaeso
576 3246 721 3325 accedat,
744 3256 781 3311 ut
805 3255 932 3310 nostros
957 3246 1073 3311 doceat
1097 3247 1307 3329 magistratus.

355 3350 441 3413 Nam
456 3348 497 3412 de
522 3348 779 3428 vicecomitibus,
802 3359 835 3413 et
852 3348 999 3433 justitiis,
1023 3370 1105 3432 quae,
1128 3359 1165 3413 ut
1186 3349 1308 3431 vulgari

355 3461 464 3514 nostro
473 3460 552 3528 utar,
563 3461 648 3515 recte
657 3452 808 3516 dicuntur
816 3452 1091 3531 anmsrnsnihit
1101 3454 1162 3515 tale
1172 3451 1310 3530 auditur,

356 3571 395 3614 eo
411 3550 498 3632 quod
519 3550 658 3631 diligunt
671 3574 814 3632 munera,
828 3564 860 3617 et
881 3564 1056 3636 sequuntur
1077 3550 1310 3629 retributiones

356 3672 418 3715 nec
433 3652 570 3714 liberant
594 3672 768 3736 pauperem
792 3674 813 3716 a
834 3663 977 3737 potente,
993 3653 1125 3717 advenae
1141 3664 1173 3715 et
1186 3652 1310 3735 pupillo
1408 3644 1411 3661 '

356 3774 424 3817 non
453 3751 613 3837 judicant,
642 3764 675 3818 et
703 3774 802 3817 causa
835 3754 942 3818 viduae
970 3774 1036 3817 non
1064 3752 1240 3835 ingreditur
1269 3751 1311 3817 ad
1414 3831 1416 3842 Ι

356 3875 422 3919 eoa
467 3854 567 3917 Porro
588 3875 649 3917 nec
666 3854 795 3939 judices
817 3854 1031 3918 ecclesiastici
1053 3865 1228 3939 sequuntur
1252 3855 1309 3918 Sa-

357 3959 507 4033 muelem,
533 3955 591 4020 sed
617 3958 700 4021 sicut
732 3957 884 4041 populus,
920 3958 966 4020 sic
1000 3966 1033 4019 et
1067 3956 1225 4021 sacerdos.
1271 3957 1312 4019 In

358 4079 528 4123 commune
553 4057 761 4140 conqueritur
786 4052 962 4140 sapientia:
1018 4056 1182 4121 Tenentes
1207 4058 1312 4139 legem

358 4160 541 4222 nescierunt
554 4180 625 4222 mer
642 4158 806 4242 principes
820 4159 898 4222 facti
913 4168 999 4239 sunt,
1014 4169 1046 4222 et
1071 4179 1132 4239 ego
1156 4157 1312 4237 ignoravi.

360 4259 458 4331 Quod
480 4269 516 4321 ut
537 4262 579 4323 ab
604 4260 828 4323 humilioribus
850 4260 983 4344 liqueat,
1008 4261 1063 4343 qui
1090 4258 1206 4322 decani
1230 4268 1313 4336 sunt,

361 4360 411 4421 vel
441 4358 672 4439 archidiaconi,
699 4361 764 4423 nisi
795 4360 855 4440 illi,
879 4370 915 4424 ut
945 4360 1057 4425 Simon
1085 4368 1192 4423 noster
1217 4378 1313 4421 vene·
