3575 5575
343 843 413 890 car.
428 827 538 900 min]
695 840 948 888 rocrcnarrcus.
1235 829 1294 887 157

343 1015 404 1072 eas,
430 1016 468 1056 ne
494 1005 667 1079 appareant
694 992 725 1055 in
752 1005 924 1079 conspectu
949 990 1103 1072 fidelium,
1124 992 1157 1055 in
1184 992 1294 1056 sabulo

342 1095 516 1160 sterilitatis
537 1119 613 1160 suae.
660 1095 831 1181 Loquatur
847 1095 991 1172 verbum,
1007 1096 1196 1159 sententiam
1221 1117 1293 1180 pro·

341 1196 423 1262 ferat
452 1197 484 1261 in
516 1198 809 1262 condemnationem
840 1219 992 1274 errorum,
1018 1220 1098 1281 quos
1122 1196 1246 1261 diutius
1275 1220 1294 1259 a

341 1298 435 1363 domo
452 1312 509 1364 tua
524 1299 652 1385 abigere
673 1300 925 1386 procuravimus,
970 1297 1112 1361 Verbum
1136 1297 1293 1383 siquidem

340 1401 468 1484 gladius
483 1413 530 1464 est
552 1402 602 1465 bis
623 1414 748 1480 acutus,
763 1405 854 1465 vivus
876 1410 909 1462 et
931 1403 1053 1475 efficax,
1069 1398 1295 1484 penetrabilior

341 1502 428 1562 omni
443 1499 551 1584 gladio
566 1499 707 1584 ancipiti,
723 1499 907 1585 pertingens
927 1520 1028 1581 usque
1043 1498 1082 1559 ad
1108 1496 1310 1582 divisionem

341 1600 455 1664 animae
470 1612 500 1664 et
518 1600 661 1684 spiritns,
673 1621 862 1683 compagum
879 1620 1009 1684 quoqne
1024 1608 1056 1659 et
1070 1596 1301 1675 medullarum,

343 1699 498 1765 discretor
526 1701 622 1764 etiam
648 1698 888 1785 cogitationum.
944 1700 1129 1761 Insensatus
1155 1710 1212 1771 est,
1239 1697 1297 1782 qui

342 1802 402 1866 hoc
426 1802 530 1886 gladio
552 1802 736 1866 imminente
762 1825 823 1864 non
850 1801 950 1865 timet.
996 1801 1041 1865 Et
1064 1821 1136 1863 ecce
1158 1799 1189 1861 in
1215 1797 1295 1862 facie

343 1906 508 1983 Ecclesiae,
536 1909 567 1970 in
592 1919 763 1992 conspectu
779 1905 921 1970 omnium
947 1903 1100 1968 imminet.
1146 1902 1295 1988 Denique

341 2007 420 2071 etin
437 2029 543 2070 omnes
559 2007 720 2092 dirigitur.
767 2006 880 2090 Inquit
894 2005 996 2068 enim:
1022 2003 1160 2078 Quando
1176 1996 1301 2088 ingres-¹

342 2131 395 2172 sus
407 2107 503 2172 fueris
516 2121 643 2188 terram,
654 2131 750 2196 quarn
763 2108 922 2173 Dominus
934 2110 1024 2172 Deus
1036 2120 1112 2173 tuus
1124 2106 1215 2171 dabit
1226 2106 1298 2188 tibi,

343 2231 418 2272 cave
437 2231 476 2273 ne
491 2209 607 2274 imitari
624 2210 701 2274 velis
716 2210 966 2274 abominationes
980 2209 1108 2274 illarum
1130 2209 1295 2294 gentium:

331 2309 592 2409 necinveniatur
607 2310 637 2373 in
651 2323 682 2374 te
697 2310 753 2397 qni
765 2311 878 2374 lustret
890 2310 992 2375 filium
1008 2333 1113 2388 suum,
1126 2321 1183 2373 aut
1197 2309 1294 2400 filiam

342 2393 1295 2497 suamsnnc't‘n't'p‘e'ft‘g‘n'‘e'fr:·sn‘t“unr·ntu5sta's'atttffif,

240 2547 243 2554 ⁴
329 2501 1293 2604 Eit‘olis'erve't‘'so'fflriiimifit··'s“ngrnrrn;”·ne*‘nuntiemus

347 2581 833 2626 mmmm..
1186 2594 1292 2626 rum-³·

342 2634 400 2675 nec
422 2625 609 2692 incantator,
613 2611 916 2708 ‚Qiqffl'fflffies
931 2622 1154 2713 οοῐιειιμὲιξέιξῑφ
1162 2611 1296 2689 drrrnos,

343 2726 374 2795 et
401 2697 1094 2808 quaeratfflpfflrpmqggpismyggitgffiffissbmuia
1116 2731 1200 2772 emm
1250 2732 1296 2773 aec
1341 2717 1353 2842 p

342 2796 543 2877 &obibitis
567 2813 735 2889 Dominus,
756 2825 787 2875 et
818 2824 949 2896 propter
974 2810 1153 2875 istiusmodi
1180 2810 1297 2875 scelera

343 2913 461 2978 delebit
476 2936 529 2987 eos
544 2914 576 2977 in
592 2913 725 2977 introitu
741 2925 809 2977 tuo.
857 2909 1022 2975 Perfectus
1040 2912 1113 2991 eris,
1127 2923 1159 2975 et
1174 2912 1295 3000 absque

343 3014 469 3077 macula
483 3035 557 3093 cum
572 3014 711 3077 Domino
731 3016 802 3078 Deo
818 3025 883 3077 tuo.
929 3015 1050 3077 Gentes
1060 3011 1140 3089 istae,
1157 3036 1293 3098 quarum

343 3116 519 3201 possidebis
544 3129 672 3191 terram,
688 3137 825 3200 augures
848 3126 880 3178 et
902 3114 1026 3178 divinos
1050 3113 1195 3179 audiunt.
1242 3118 1294 3180 Tu

343 3230 449 3281 autem
465 3241 485 3280 a
501 3216 639 3282 Domino
661 3219 731 3281 Deo
743 3230 800 3282 tuo
824 3217 917 3281 aliter
938 3216 1106 3281 institutus
1128 3238 1171 3281 es.
1217 3216 1297 3294 Quis

342 3340 418 3403 ergo
433 3317 560 3382 dubitet
576 3321 644 3383 haec
659 3317 845 3398 criminalia,
859 3331 890 3382 et
907 3339 969 3380 non
988 3317 1084 3381 modo
1098 3317 1296 3402 languorem,

342 3418 396 3485 sed
426 3418 499 3482 fidei
529 3419 755 3485 exterminium
785 3443 861 3494 esse,
890 3420 978 3505 quod
1009 3430 1098 3483 tanta
1128 3419 1295 3504 diligentia

343 3520 558 3605 propheticus,
590 3521 687 3585 immo
723 3521 861 3607 Spiritus
896 3520 994 3584 sancti
1031 3542 1132 3585 sermo
1166 3520 1293 3585 eradit?

343 3620 601 3685 Abominationes
616 3634 702 3698 sunt,
727 3621 853 3687 dicente
878 3621 1035 3685 Domino:
1072 3622 1117 3685 Et
1143 3620 1238 3683 homo
1263 3644 1295 3685 se

343 3718 680 3807 suprahominemfieri
689 3722 849 3805 opinatur,
859 3720 1296 3805 quumistorumassequutus

344 3834 392 3886 est
419 3820 628 3907 disciplinam.
678 3824 812 3906 Propter
838 3821 1017 3887 istiusmodi
1043 3821 1159 3884 scelera
1184 3822 1296 3888 deletae

343 3936 416 3989 sunt
431 3936 553 4009 gentes,
569 3936 600 3987 et
617 3924 756 3989 humana
779 3921 941 3999 temeritas
951 3945 988 3996 se
1011 3921 1044 3987 in
1068 3921 1118 3985 his
1140 3923 1296 4012 multipli-

346 4024 410 4094 cari
426 4024 567 4089 confidit.
