3575 5575
506 780 567 840 120
765 789 901 836 scannia
917 786 1195 836 sannanammrsrs
1319 769 1402 850 [tm.
1418 785 1456 831 11.

506 956 602 1009 vatur
624 939 803 1015 arbitrium,
830 942 908 1005 dum
931 941 957 1004 si
980 939 1156 1017 volueritis,
1180 952 1212 1004 et
1237 938 1264 1002 si
1289 935 1458 1002 nolueritis

506 1045 614 1108 dicens
627 1045 660 1108 in
676 1056 847 1130 utramque
861 1055 996 1129 partem,
1011 1065 1074 1106 uon
1089 1065 1129 1106 ex
1139 1040 1264 1126 judicio
1277 1040 1458 1103 irretracta-

506 1145 563 1208 bili
589 1147 696 1209 fatove
717 1145 791 1224 Dei,
813 1143 867 1207 sed
890 1167 930 1208 ex
952 1144 1066 1207 merito
1087 1141 1285 1226 singulorum
1308 1138 1458 1204 omnibus

505 1267 632 1332 poenam
657 1245 706 1309 vel
729 1245 898 1330 praemium
921 1243 1127 1330 repromittit.
1172 1246 1267 1308 Esset
1286 1241 1401 1324 utique
1421 1239 1455 1302 in

505 1348 703 1412 voluntatem
730 1345 844 1411 collata
873 1344 1015 1410 conditio
1043 1343 1243 1429 promerendi
1266 1338 1456 1416 -inutiliasi

504 1447 641 1511 faciendi
657 1446 706 1510 vel
721 1468 784 1510 non
799 1445 937 1510 faciendi
956 1445 1135 1520 nenessitas,
1150 1456 1232 1509 esset
1246 1440 1455 1530 providentia

485 1548 556 1612 'vel
580 1549 719 1612 fatorum
745 1546 879 1611 nexibus
907 1545 1040 1629 illigata.
1095 1545 1190 1623 Quod
1219 1545 1246 1608 si
1274 1543 1361 1609 istud
1390 1563 1454 1605 non

505 1649 620 1714 sufficit
634 1648 848 1724 contentiosis,
864 1669 904 1711 an
925 1670 988 1711 non
1004 1670 1044 1710 ex
1060 1647 1256 1732 Evangelico
1275 1644 1455 1711 testimonio

503 1763 630 1836 poterat
654 1750 686 1813 in
715 1753 857 1835 passione
882 1749 970 1814 lilius
995 1770 1107 1833 rogare
1133 1760 1256 1833 patrem
1286 1769 1393 1823 suum,
1418 1756 1454 1809 ut

504 1853 669 1916 exhiberet
684 1853 712 1916 ei
728 1850 897 1937 plusquam
918 1849 1086 1912 duodecim
1107 1849 1247 1934 legiones
1260 1847 1455 1934 angelorum,

505 1976 605 2039 quum
621 1965 725 2016 tamen
742 1952 861 2038 liqueat
872 1975 912 2015 ex
923 1950 1108 2038 postfacto,
1124 1950 1270 2026 posthoc,
1286 1950 1340 2014 sed
1355 1971 1456 2035 oppo-

505 2054 600 2118 situm
631 2055 710 2138 ejus,
739 2053 826 2139 quod
857 2054 1003 2138 contigit,
1025 2053 1124 2117 fuisse
1152 2054 1326 2140 provisum.
1386 2054 1454 2118 Nec

504 2155 744 2241 perspicacioris
773 2155 891 2237 ingenii
922 2166 1047 2219 moveat
1077 2177 1214 2231 sensum,
1241 2160 1268 2220 si
1297 2156 1329 2220 in
1355 2167 1455 2226 tautae

504 2257 678 2342 majestatis
692 2254 844 2320 scrutinio
855 2254 1009 2341 exemplis
1024 2257 1199 2338 deficimus,
1209 2280 1267 2322 nec
1278 2257 1455 2323 rationibus

504 2357 716 2438 abundamus,
727 2380 828 2443 quum
840 2357 1079 2422 admirationem
1092 2359 1175 2422 ratio
1190 2359 1292 2434 tollat,
1303 2371 1335 2423 et
1350 2381 1456 2422 exem-

504 2457 631 2541 plorum
647 2457 792 2521 inductio
814 2457 1066 2542 singularitatem
1082 2458 1243 2523 excludat.
1288 2460 1365 2544 Ipsa
1379 2481 1455 2522 vero

504 2558 656 2622 ineffabili
679 2556 900 2643 singularitate
923 2557 1087 2635 mirabilis,
1109 2571 1140 2621 et
1163 2558 1299 2622 mirabili
1325 2557 1456 2621 immen-

505 2660 598 2725 sitate
614 2659 795 2742 singularis,
811 2682 937 2725 omnem
959 2682 1083 2724 sensum
1099 2670 1266 2743 exuperat,
1282 2680 1346 2722 non
1361 2659 1456 2723 modo

503 2762 667 2827 hominum
689 2762 743 2827 sed
764 2759 961 2847 angelorum.
1007 2760 1079 2824 Scio
1101 2759 1248 2846 equidem
1273 2760 1348 2848 quia
1367 2783 1454 2826 scru-

504 2875 590 2927 tator
617 2866 791 2949 majestatis
815 2864 1017 2949 opprimetur
1041 2886 1062 2925 a
1083 2863 1196 2947 gloria,
1222 2875 1255 2928 et
1284 2885 1325 2928 ex
1350 2864 1455 2929 edicto

505 2962 675 3043 Altissimi,
690 2965 836 3042 bestiam,
852 2965 877 3027 si
898 2977 1039 3029 montem
1054 2964 1208 3047 tetigerit,
1224 2964 1386 3051 lapidibus
1399 2966 1456 3031 ob

504 3064 667 3130 ruendam.
714 3064 810 3131 Unde
831 3087 905 3151 quae
926 3064 957 3128 in
981 3064 1101 3129 talibus
1123 3080 1367 3152 praeponuntur,
1390 3067 1455 3131 aine

503 3165 691 3252 praejudicio
704 3166 882 3243 meliorum,
893 3166 1116 3249 investigantis
1129 3167 1235 3231 animo
1248 3168 1356 3253 potius
1370 3168 1456 3232 dicta

503 3280 590 3344 sunt,
606 3290 701 3354 quam
718 3269 884 3333 temeraria
903 3271 1112 3345 contentione,
1126 3269 1167 3332 ad
1183 3268 1453 3354 impugnationem

503 3368 570 3432 veri
586 3369 706 3454 aliquid
731 3369 910 3434 statuentis.
956 3368 1018 3433 Sed
1042 3392 1100 3433 nec
1119 3368 1200 3433 illud
1220 3392 1271 3433 me
1290 3370 1368 3433 scire
1382 3392 1456 3433 con-

501 3470 609 3552 fiteor,
621 3494 682 3536 cur·
694 3471 754 3535 hoc
769 3470 939 3556 reprobato
953 3471 1052 3534 alium
1067 3470 1276 3557 praelegerit,
1291 3470 1352 3535 nisi
1366 3468 1455 3557 quod

503 3593 577 3636 cum
599 3570 747 3656 patribus
772 3570 870 3635 sentio
894 3572 928 3634 iu
950 3569 1007 3633 illo
1032 3569 1189 3635 occultam
1212 3570 1274 3633 Dei
1294 3570 1454 3657 justitiam

503 3673 727 3749 venerandam,
742 3671 774 3735 in
791 3671 850 3737 boc
865 3671 1063 3736 manifestam
1081 3672 1195 3756 gratiae
1209 3671 1453 3740 misericordiam

501 3775 766 3862 amplectendam.
812 3777 894 3839 Nam
918 3787 950 3837 et
973 3771 1036 3848 ille,
1053 3772 1110 3856 qui
1133 3785 1245 3859 raptus
1259 3772 1298 3836 ad
1322 3772 1453 3835 tertium

503 3876 618 3939 coelum
637 3876 764 3941 audivit
782 3897 897 3939 arcana
921 3874 1030 3949 verba,
1052 3895 1125 3959 quoe
1150 3896 1213 3937 non
1235 3872 1308 3937 licet
1334 3871 1455 3935 homini

502 3976 711 4061 loqui,bujus
725 3974 922 4041 difficultatis
936 3974 1105 4039 articulum
1122 3996 1184 4036 nou
1200 3985 1265 4037 tam
1281 3972 1456 4040 discutiens

501 4097 599 4161 quam
622 4075 793 4153 admirans,
807 4074 1009 4139 altitudinem
1032 4073 1217 4138 divitiarum
1240 4073 1404 4159 sapientiae
1422 4087 1456 4139 et

503 4176 644 4243 scientiae
672 4174 734 4239 Dei
764 4174 959 4239 consessione
988 4174 1102 4239 humili
1128 4186 1307 4250 veneratus,
1332 4172 1456 4257 judicia

502 4278 573 4363 ejus
588 4274 928 4360 incomprehensibilia,
943 4276 1054 4341 etuias
1068 4274 1375 4362 impervestigabiles
1389 4298 1457 4339 esse

504 4376 705 4469 pronunciat.
757 4378 882 4443 Incerta
905 4391 937 4441 et
960 4378 1084 4443 occulta
1111 4378 1275 4466 sapientiae
1303 4376 1376 4457 Dei,
1398 4379 1456 4463 qui
