3575 5575
346 803 520 877 anavus]
694 819 947 866 eonucua‘rrcus.
1235 802 1295 863 iss

347 966 491 1050 singulis,
507 970 547 1034 dc
558 971 648 1034 nullo
664 972 812 1034 subtilem
827 971 997 1036 reddentes
1009 972 1172 1035 rationem.
1195 969 1294 1044 Quod

346 1068 374 1131 si
383 1071 446 1134 hoc
455 1071 560 1154 ipsum
571 1073 728 1156 patienter
736 1071 921 1149 admittitur,
930 1094 968 1136 ea
978 1094 1051 1156 quae
1063 1094 1083 1137 a
1093 1070 1294 1156 philosophis

346 1171 488 1252 gentium
509 1173 650 1255 publicae
672 1173 818 1237 utilitatis
835 1174 936 1256 gratia
954 1174 1074 1258 scripta
1090 1182 1176 1251 sunt,
1191 1170 1294 1235 audiri

348 1271 427 1353 quid
441 1273 614 1356 prohibet?
638 1274 848 1357 Quaecunque
859 1272 946 1335 enim
957 1273 1074 1356 scripta
1087 1271 1296 1355 sunt,inquit,

347 1372 390 1436 ad
413 1383 554 1437 nostram
578 1373 755 1436 doctrinam
779 1374 896 1457 scripta
921 1384 1005 1451 sunt,
1032 1385 1067 1437 ut
1091 1395 1149 1456 per
1169 1373 1294 1456 patien-

348 1473 425 1537 tiam
439 1485 472 1537 et
486 1475 739 1538 consolationem
761 1475 985 1556 scripturarum
1004 1495 1093 1556 spem
1108 1475 1294 1537 habeamus.

349 1575 436 1637 Dum
456 1576 541 1638 enim
564 1595 628 1658 pax
653 1575 743 1637 abest
768 1573 844 1637 filiis
869 1573 985 1648 Adam,
1009 1574 1065 1657 qni
1090 1573 1133 1636 ad
1154 1575 1297 1636 laborem

347 1672 415 1735 nati
430 1681 514 1749 sunt,
529 1672 630 1756 parati
641 1671 682 1734 ad
696 1672 833 1753 flagella,
845 1671 994 1754 concepti
1008 1672 1042 1734 in
1057 1671 1209 1755 peccatis,
1221 1671 1298 1736 editi

347 1773 380 1835 in
396 1774 516 1847 labore,
531 1794 597 1836 non
612 1783 677 1835 tarn
688 1779 801 1834 euntes
815 1792 912 1855 quam
923 1782 1084 1836 currentes
1099 1770 1141 1834 ad
1156 1781 1298 1848 mortem,

349 1895 414 1957 qua
434 1874 515 1936 nihil
535 1873 655 1937 tristius
675 1883 734 1948 est,
757 1872 935 1935 necessaria
956 1884 1006 1936 est
1025 1873 1189 1955 patientia,
1211 1867 1299 1936 utilis

349 1973 538 2049 consolatio,
559 1994 631 2056 quae
655 1974 695 2037 de
711 1975 783 2037 oleo
801 1974 918 2037 laetitiae
938 1975 972 2036 in
988 1975 1195 2052 conscientia,
1210 1984 1243 2038 et
1258 1973 1298 2036 de

348 2073 561 2137 immensitate
576 2074 754 2137 clementiae
778 2074 852 2153 Dei,
869 2073 1113 2155 predestinatos
1133 2074 1175 2138 ad
1192 2076 1299 2152 vitam,

350 2195 408 2257 spe
421 2174 598 2238 futurorum
621 2175 708 2238 fovet
721 2185 754 2238 et
767 2176 903 2238 roborat.
949 2177 977 2240 O
996 2185 1104 2240 custos
1121 2176 1299 2253 hominum,

348 2276 454 2359 inquit
474 2276 589 2338 beatus
608 2278 685 2354 Job,
703 2275 835 2340 humani
855 2277 980 2358 generis
1003 2277 1198 2340 calamitates
1214 2276 1298 2340 inse

349 2377 542 2459 exprimens,
571 2399 669 2461 quare
700 2377 836 2460 posuisti
863 2399 915 2440 me
945 2378 1138 2441 contrarium
1168 2377 1236 2452 tibi,
1267 2386 1299 2440 et

347 2478 452 2541 factus
466 2499 536 2541 sum
553 2479 699 2542 mihimet
712 2478 773 2562 ipsi
795 2477 922 2559 gravis?
946 2479 1054 2541 Nemo
1076 2477 1233 2562 siquidem
1248 2487 1299 2541 est

347 2579 414 2662 qui,
428 2579 633 2661 exigentibus
648 2579 764 2663 culpis,
779 2579 813 2642 in
829 2579 934 2662 seipso
948 2600 1014 2641 non
1028 2579 1171 2642 inveniat
1185 2598 1299 2642 causas

347 2681 576 2764 materiamque
599 2680 729 2757 doloris,
743 2699 845 2762 quum
858 2679 961 2762 ipsius
975 2679 1190 2762 philosophiae
1213 2679 1300 2740 testi-

347 2781 469 2858 monio,
488 2779 663 2865 unicuique
682 2781 847 2862 contingat
867 2778 992 2857 adesse,
1014 2778 1102 2863 quod
1123 2779 1234 2857 nollet,
1249 2780 1298 2842 rel

348 2883 472 2960 abesse,
486 2882 575 2965 qnod
589 2883 693 2945 vellet.
738 2880 835 2945 Unde
850 2890 883 2944 et
897 2880 1003 2945 fidelis
1018 2880 1136 2959 anima,
1149 2880 1203 2944 cui
1218 2901 1300 2945 veras

347 2982 558 3045 beatitudinis
571 2981 687 3064 gaudia
701 2981 898 3058 differuntur,
920 3002 995 3045 cum
1013 2982 1152 3045 inferiori
1172 2982 1301 3064 irriguo,

347 3082 502 3165 irriguum
516 3083 661 3167 superius
675 3083 765 3165 petit.
811 3084 858 3146 Ut
871 3104 947 3164 ergo
958 3084 1123 3165 gentilium
1140 3084 1301 3167 figmentis

347 3184 437 3268 pium
448 3185 724 3249 accommodemus
733 3183 888 3262 anditum,
897 3206 1000 3248 rerum
1009 3186 1151 3249 omnium
1162 3186 1302 3268 trag'cus

349 3284 425 3349 finis
439 3294 497 3348 est
541 3287 607 3349 Aut
622 3285 650 3348 si
664 3306 783 3349 nomen
794 3284 973 3349 Comoediae
985 3283 1154 3367 gratiosius
1165 3293 1223 3365 est,
1234 3307 1299 3351 non

350 3387 435 3449 duco
446 3387 660 3451 contentionis
674 3388 793 3467 funem,
804 3386 881 3450 dum
893 3397 1018 3451 constet
1031 3388 1114 3451 iuter
1127 3408 1197 3463 nos,
1213 3387 1301 3471 quod

350 3486 415 3548 fere
430 3494 515 3549 totus
531 3486 682 3565 mundus,
692 3486 791 3570 juxta
808 3487 1005 3565 Petronium,
1023 3496 1175 3553 exerceat
1193 3488 1299 3551 histri·

350 3606 455 3649 onem.
514 3585 609 3662 Quod
638 3597 671 3650 et
696 3588 828 3670 quidam
856 3589 1010 3670 temporis
1038 3588 1137 3651 nostri
1165 3588 1300 3671 scriptor

350 3686 507 3770 egregius,
516 3686 697 3750 infidelium
706 3698 812 3751 tamen
827 3689 944 3764 verbis,
954 3691 1117 3771 eleganter
1125 3688 1298 3770 expressit:

450 3838 591 3919 ‘Ridiculus
601 3864 736 3918 hominnm
747 3871 834 3918 versat
845 3883 901 3918 sors
912 3882 980 3917 caeca
991 3864 1102 3929 labores,

525 3950 628 4005 Saecula
639 3956 728 4004 nostra
735 3952 819 4021 jocus,
829 3950 1019 4021 ludibriumque
1032 3953 1108 4007 Deis.

353 4102 462 4187 Hujus
477 4104 585 4189 itaque
600 4114 664 4168 tam
679 4104 857 4183 immensae,
871 4115 939 4169 tam
961 4105 1115 4171 mirabilis
1129 4116 1162 4171 et
1175 4107 1302 4175 inenar-

353 4203 462 4267 rabilis
476 4206 656 4287 Tragoediae
672 4208 724 4269 vel
738 4206 915 4272 Comoediae
932 4208 1102 4287 theatrum,
1116 4231 1179 4293 quo
1193 4212 1303 4293 peragi

355 4304 466 4386 possit,
481 4306 511 4367 ei
525 4307 710 4371 mirabiliter
720 4318 915 4392 coaequatnr.
961 4310 1067 4374 Tanta
1081 4321 1129 4373 est
1139 4332 1213 4375 area
1223 4311 1304 4394 ejus,

355 4414 554 4487 quantus-et
582 4408 677 4471 orbis.
734 4409 969 4479 Difficillimum
996 4422 1046 4475 est
1074 4421 1109 4474 ut
1137 4412 1305 4495 quisquam
