3575 5575
322 816 392 862 cae.
409 801 469 880 1v.]
665 815 919 863 eonrcasrrcos.
1215 803 1279 864 ⁶269

323 989 392 1031 snm
420 967 520 1041 dedit,
545 977 578 1030 et
603 968 662 1053 qui
687 968 825 1031 animam
850 966 1054 1050 glorificabit,
1079 978 1111 1030 et
1137 988 1274 1043 carnem,

324 1071 490 1157 utriusque
516 1068 642 1133 fidelem
671 1069 794 1154 expetit
822 1067 1021 1132 famulatum.
1082 1070 1121 1131 Se
1146 1090 1277 1153 quoque

323 1169 424 1234 voluit
440 1169 534 1234 etiam
550 1168 756 1255 corporaliter
770 1167 929 1244 honorari,
942 1181 979 1231 nt
994 1167 1163 1253 quantavis
1177 1167 1276 1232 tardi·

324 1283 373 1336 tas
395 1271 604 1347 infidelitatis,
627 1282 685 1335 aut
703 1269 927 1356 negligentiae,
952 1268 1185 1335 excusationem
1212 1291 1275 1336 non

323 1372 451 1441 habeat.

324 1733 405 1816 Cap.
421 1741 452 1796 4.
474 1735 526 1797 De
541 1733 719 1795 reverentia
729 1749 958 1813 personarum,
974 1736 1005 1794 et
1025 1749 1145 1810 rerum,
1160 1737 1191 1795 et
1204 1740 1278 1813 quot

544 1831 647 1893 modia
656 1849 796 1912 persona
811 1827 1065 1891 deveneramus.
1181 1859 1183 1864 .

370 1983 593 2047 Raraunum
607 2004 684 2067 ergo
698 2004 773 2066 quae
786 1978 992 2066 corporaliter
1007 1978 1213 2066 impenditur,
1221 1991 1279 2046 aut

325 2083 357 2148 in
373 2086 515 2169 personis
528 2082 683 2160 consistit,
699 2097 756 2147 aut
776 2082 807 2146 in
823 2083 932 2148 rebus.
976 2085 1189 2148 Personarum
1205 2105 1280 2147 vero

325 2186 408 2251 ratio
428 2184 564 2250 habetur
578 2196 636 2250 aut
650 2208 670 2248 a
684 2197 811 2264 natura,
824 2197 881 2250 aut
896 2186 939 2249 ab
952 2185 1066 2263 officio,
1081 2197 1138 2250 aut
1153 2208 1173 2249 a
1186 2186 1281 2250 mori-

324 2287 399 2365 bus,
413 2300 471 2353 aut
485 2309 505 2351 a
518 2285 709 2366 conditione,
723 2298 778 2352 aut
793 2310 813 2350 a
826 2286 966 2352 fortuna.
997 2291 1121 2352 Natura
1134 2298 1282 2373 parentes

327 2411 514 2452 veneramur
536 2399 569 2452 et
591 2387 717 2469 liberos,
737 2401 770 2451 et
792 2408 874 2473 quos
896 2388 987 2452 nobis
1008 2410 1082 2452 caro
1101 2387 1281 2473 conjunxit,

328 2503 448 2576 utputa
471 2511 614 2566 uxorem,
636 2500 798 2573 cognatos,
820 2500 852 2551 et
876 2486 993 2552 affines.
1039 2487 1136 2552 Unde
1157 2500 1190 2552 et
1207 2511 1284 2573 gen-

328 2591 410 2656 tium
429 2593 503 2676 jure
525 2601 689 2675 receptum
711 2600 771 2669 est,
792 2611 830 2651 eo
853 2588 942 2673 quod
964 2611 1114 2675 peraeque
1135 2590 1173 2655 fit
1194 2588 1282 2676 apud

329 2715 440 2756 omnes
453 2704 574 2776 gentes.
620 2689 676 2753 Ad
699 2690 759 2752 hoc
776 2689 873 2752 etiam
897 2689 1006 2753 divino
1023 2690 1098 2773 jure
1120 2710 1282 2772 urgemur,

328 2797 387 2878 qui
416 2792 571 2878 scriptum
604 2790 769 2854 novimus:
808 2790 943 2852 Honora
975 2802 1097 2875 patrem
1127 2801 1222 2854 tuum
1251 2803 1283 2856 ct

329 2906 474 2968 matrem,
491 2905 527 2957 ut
548 2892 591 2956 sis
605 2891 770 2976 longoevus
790 2904 1040 2976 superterram:
1071 2903 1103 2955 et
1127 2891 1183 2979 qui
1198 2890 1283 2977 patri

330 2996 380 3061 vel
396 2994 490 3060 matri
511 2992 720 3075 maledixerit,
735 3004 836 3056 morte
856 2994 1023 3057 morietur.
1067 2992 1202 3057 Liberos
1220 3014 1281 3057 non

330 3096 469 3161 multum
482 3097 625 3181 oportuit
645 3092 870 3169 commendari,
884 3116 922 3156 eo
937 3091 1025 3178 quod
1045 3115 1139 3157 nemo
1159 3114 1286 3157 carnem

330 3221 421 3263 suam
442 3195 517 3261 odio
536 3195 661 3260 habuit.
706 3195 769 3260 Sed
790 3217 848 3259 nec
869 3216 1012 3269 uxorem,
1035 3206 1166 3281 propter
1188 3216 1285 3280 quam

329 3300 427 3365 homo
447 3310 571 3385 patrem
597 3295 750 3381 relinquit
776 3308 807 3360 et
831 3308 977 3375 matrem,
999 3294 1165 3360 adhaerens
1194 3295 1285 3360 uxori

331 3425 409 3479 suar,
424 3413 461 3465 ut
481 3399 544 3466 sint
563 3398 630 3463 duo
651 3401 684 3462 in
707 3420 801 3462 carne
826 3420 901 3463 una.
947 3401 1021 3463 Non
1044 3410 1150 3463 tamen
1172 3397 1205 3461 in
1227 3397 1286 3463 hac

331 3514 423 3587 parte
432 3500 549 3564 divinoe
560 3499 641 3583 legis
656 3497 941 3577 mandatadesunt,
950 3499 1009 3563 etsi
1020 3512 1152 3586 propter
1163 3510 1287 3563 naturae

334 3599 511 3679 stimulum,
525 3598 582 3683 qui
604 3601 680 3662 satis
702 3612 808 3684 urget,
825 3600 928 3663 rarius
949 3603 1144 3677 inserantur,
1160 3612 1287 3685 proten-

332 3701 456 3767 duntur
485 3711 589 3764 tamen
616 3696 656 3761 ad
683 3711 833 3782 cognatos
860 3713 891 3764 et
918 3704 1039 3777 affines,
1065 3722 1147 3785 quos
1172 3719 1230 3783 per
1255 3721 1288 3763 se

331 3817 447 3870 natura
461 3799 671 3865 commendat.
717 3797 864 3862 Officium
883 3821 960 3863 vero
981 3811 1028 3863 est
1051 3798 1195 3863 debitum
1216 3820 1289 3863 exe·

333 3902 454 3991 quendi
484 3924 559 3987 quae
589 3898 759 3983 unicuique
788 3920 828 3961 ex
860 3898 1027 3979 institutis,
1056 3911 1112 3962 aut
1146 3899 1289 3964 moribus

332 4005 457 4093 agenda
471 4017 557 4071 sunt.
590 4007 642 4069 Ex
657 4026 695 4066 eo
710 4023 848 4087 namque
862 4002 1006 4087 personis
1021 3999 1154 4087 singulis
1168 4002 1289 4087 proprii

334 4121 516 4195 congruunt
531 4119 631 4171 actus.
675 4106 715 4168 In
730 4102 900 4168 bisantem
917 4124 991 4187 quae
1006 4101 1049 4166 sic
1064 4102 1188 4189 agenda
1203 4115 1289 4177 sunt,

335 4211 399 4275 alia
420 4207 461 4273 ad
484 4208 665 4295 publicum,
690 4206 754 4270 alia
775 4205 816 4270 ad
839 4227 932 4269 suum
954 4205 1109 4291 cujusque
1131 4205 1289 4291 pertinent

338 4323 468 4377 statum.
513 4313 566 4375 Ex
583 4335 646 4396 quo
668 4309 769 4396 liquet
784 4308 957 4373 officiorum
980 4305 1127 4393 quaedam
1150 4305 1290 4390 publica,

336 4412 482 4499 quadam
498 4411 623 4497 privata
641 4412 863 4477 convenienter
883 4407 955 4473 dici.
1003 4407 1200 4473 Privatorum
1217 4428 1291 4473 vero
