3575 5575
491 847 555 907 318
764 853 904 898 sotanis
920 849 1202 896 smnsnaaransrs
1319 830 1400 909 [arn.
1417 853 1447 896 v.

491 1010 662 1096 patrocinii
685 1006 871 1070 fidelissime
892 1001 1091 1086 implendum
1114 1013 1173 1075 est,
1194 1014 1226 1064 et
1246 1003 1315 1064 sine
1336 1002 1447 1068 adver·

492 1113 644 1176 sariomm
666 1107 793 1192 injuria.
837 1106 1032 1169 Rationibus
1054 1124 1204 1186 namque,
1227 1125 1295 1167 non
1320 1107 1447 1188 probris

490 1209 749 1277 contendendum
763 1219 822 1286 est,
834 1218 867 1270 et
881 1229 925 1270 ex
941 1207 1048 1270 edicto
1063 1205 1219 1288 principis
1240 1207 1358 1290 patitur
1377 1212 1446 1290 opi·

489 1315 598 1379 nionis
613 1309 829 1395 dispendium,
839 1308 990 1392 quisquis
1001 1307 1131 1389 negotio
1147 1304 1308 1386 derelicto,
1324 1329 1446 1391 procax

488 1418 523 1480 in
542 1413 713 1479 adversarii
735 1413 786 1474 sui
806 1411 1032 1474 contumeliam
1056 1418 1111 1472 aut
1134 1411 1241 1492 palam
1262 1411 1376 1493 pergit,
1391 1425 1446 1473 aut

489 1517 634 1582 subdole.
681 1514 747 1578 Sed
767 1515 844 1577 licet
862 1523 997 1595 patrono
1019 1533 1141 1574 merces
1162 1531 1202 1574 ex
1224 1533 1324 1575 causa
1344 1513 1445 1575 hono-

488 1619 562 1683 rarii
585 1617 750 1693 debeatur,
771 1616 1034 1677 concinnatorem
1065 1615 1114 1676 vel
1141 1613 1377 1696 redemptorem
1406 1614 1446 1676 li·

489 1724 569 1788 tium
585 1743 655 1784 esse
669 1740 735 1783 non
746 1718 835 1796 licet,
845 1729 882 1781 ut
892 1729 986 1780 certae
999 1716 1098 1798 partis
1108 1717 1357 1779 emolumentum
1370 1739 1443 1781 cum

488 1823 576 1906 gravi
591 1821 709 1884 damno
729 1818 910 1900 litigatoris,
925 1827 957 1880 et
976 1815 1114 1901 quadam
1138 1816 1364 1899 deprecatione
1386 1839 1443 1900 pa·

488 1925 634 1989 ciscatur.
678 1919 845 2005 Quicquid
867 1929 972 1982 autem
995 1929 1148 2000 patronus
1165 1918 1348 1998 allegaverit
1363 1941 1443 2002 prra-

487 2038 577 2090 sente
593 2023 734 2099 domino,
748 2020 881 2105 perinde
897 2031 946 2082 est
959 2018 1156 2097 habendum,
1171 2040 1208 2082 ac
1225 2019 1252 2081 si
1267 2020 1444 2103 proferatur

486 2149 507 2190 a
521 2126 662 2201 domino,
675 2125 738 2187 nisi
760 2145 803 2185 ex
823 2121 1010 2197 continenti,
1025 2121 1060 2183 id
1083 2132 1140 2200 est,
1154 2121 1237 2184 infra
1258 2123 1440 2206 proximum

487 2225 630 2289 triduum
647 2223 886 2288 contradixerit.
932 2221 1026 2285 Licet
1047 2231 1153 2284 autem
1168 2230 1341 2304 patronum
1356 2224 1441 2287 vinci

487 2328 666 2410 contigerit,
681 2327 716 2390 in
731 2326 820 2388 nullo
842 2324 969 2387 laeditur
992 2324 1075 2386 sama
1095 2323 1175 2407 ejus,
1190 2325 1217 2386 si
1239 2323 1319 2389 nihil
1334 2327 1442 2389 omisit

486 2451 530 2494 ex
552 2429 823 2510 contingentibus,
846 2434 879 2489 et
901 2427 1026 2489 clientis
1049 2426 1099 2488 sui
1120 2426 1279 2510 justitiam
1305 2426 1442 2491 fideliter

485 2532 572 2594 fovit.
619 2531 695 2592 Non
715 2530 800 2591 enim
819 2528 944 2610 cogitur
963 2528 1156 2611 patrocinari
1178 2527 1356 2592 mendacio.
1401 2529 1436 2592 Si

486 2630 565 2716 quid
587 2651 661 2693 vero
687 2629 828 2692 laesionis
853 2630 944 2691 affert
970 2649 1077 2705 causa,
1097 2628 1131 2689 in
1155 2628 1318 2710 litigantes
1343 2629 1440 2708 cadit,

485 2734 552 2799 sive
567 2733 711 2810 civiliter,
726 2733 789 2797 sivr
804 2733 1009 2796 criminaliter
1023 2743 1128 2797 actum
1145 2732 1194 2797 sit.
1241 2733 1317 2797 Hoc
1334 2744 1439 2797 autem

485 2836 639 2922 quicquid
662 2837 714 2914 sit,
730 2835 889 2899 sententia
911 2835 1080 2898 diffinitiva
1102 2834 1254 2910 declarat,
1278 2857 1349 2919 quaa
1369 2858 1440 2899 reos

485 2938 690 3015 condemnat,
701 2940 749 3001 vel
766 2937 915 3012 absolvit,
928 2947 960 2999 et
975 2935 1133 2999 interdum
1144 2937 1177 2999 in
1194 2937 1282 3020 ipsos
1294 2948 1440 3001 auctores

486 3039 721 3103 consultissime
747 3038 928 3100 acerbitatis
951 3038 1087 3099 effundit
1112 3038 1252 3100 aculeos.
1298 3039 1382 3101 Nam
1403 3049 1440 3102 ut

485 3140 526 3204 de
541 3140 691 3205 civilibus
712 3151 863 3217 taceatur,
878 3140 911 3201 iu
932 3140 1054 3223 quibus
1068 3151 1175 3202 tamen
1191 3150 1240 3203 est
1260 3140 1373 3204 eadem
1389 3142 1437 3203 in-

484 3244 604 3321 venire,
619 3254 840 3307 accusatorum
856 3240 1018 3305 temeritas
1033 3242 1135 3304 tribus
1150 3241 1254 3305 modis
1269 3240 1439 3325 detegitur,

484 3344 650 3426 tribusque
664 3344 832 3428 subjicitur
844 3345 960 3426 poenis.
1005 3344 1071 3406 Aut
1086 3344 1174 3405 enim
1194 3341 1439 3423 calumniantur,

483 3454 540 3507 aut
569 3444 822 3526 praevaricantur,
851 3454 907 3506 aut
935 3445 1190 3525 tergiversantur.
1239 3445 1301 3506 Est
1330 3456 1436 3509 autem

485 3544 683 3622 calumniari,
711 3544 846 3608 crimina
878 3545 959 3607 falsa
988 3545 1163 3610 intendere.
1220 3546 1437 3624 Praevaricari,

483 3670 558 3712 vera
579 3646 785 3711 abscondere.
830 3648 873 3711 At
893 3647 930 3710 in
952 3648 1132 3711 universum
1160 3650 1200 3712 ab
1232 3650 1437 3714 accusatione

486 3750 649 3828 desistere,
670 3749 867 3831 tergiversari
893 3760 952 3813 est
998 3749 1063 3813 Sed
1085 3752 1155 3831 lege
1178 3751 1293 3815 Remia
1318 3753 1438 3815 calum-

483 3850 610 3914 niantes
630 3848 672 3912 ad
694 3848 867 3912 vindictam
883 3850 989 3932 poscit
1009 3848 1186 3912 similitudo
1207 3850 1371 3932 supplicii,
1391 3850 1436 3913 ita

482 3963 588 4014 tamen
605 3962 640 4013 ut
652 3963 824 4035 postquam
836 3973 909 4015 reus
924 3951 1089 4015 absolutus
1104 3951 1197 4013 suerit
1213 3972 1310 4035 quum
1328 3951 1367 4014 de
1383 3972 1435 4014 ac-

482 4052 639 4115 cusatoris
654 4054 788 4115 consilio
810 4066 842 4116 et
855 4064 962 4116 mente
978 4054 1166 4125 constiterit,
1184 4054 1210 4114 si
1226 4053 1316 4136 justo
1333 4074 1435 4116 errore

479 4154 592 4237 lapsus
611 4163 670 4228 est,
684 4154 876 4216 absolvatur.
923 4150 957 4216 Si
974 4175 1047 4217 vero
1068 4154 1102 4216 in
1120 4154 1258 4217 evidenti
1274 4155 1435 4218 calumnia

480 4253 699 4338 deprehensus
713 4263 773 4327 est,
788 4274 885 4337 poena
900 4254 1043 4335 legitima
1059 4254 1300 4319 condemnetur.
1338 4256 1434 4328 Quod

480 4357 583 4440 ipsius
604 4355 881 4439 pronunciationis
903 4357 1124 4421 manifestatur
1147 4359 1253 4420 rerbo.
1299 4358 1384 4420 Nam
1408 4358 1436 4421 si

480 4458 724 4541 pronunciatum
746 4469 805 4537 est,
826 4480 891 4523 non
911 4460 1065 4542 probasti,
1079 4460 1225 4544 pepercit
1243 4459 1353 4523 actori.
1399 4460 1434 4523 Si
