3575 5575
668 805 813 851 CAP.
850 789 1024 867 vnn]
1421 804 1930 851 PoLchATmth.
2453 784 2580 842 295

674 953 769 1016 Ut
814 976 964 1019 vero
1012 955 1077 1018 in
1134 954 1321 1018 laude
1375 953 1639 1039 Trajani
1690 952 1935 1016 facilius
1987 950 2412 1037 acquiescant,
2463 948 2573 1032 qui

666 1053 821 1118 alios
865 1054 924 1116 ei
969 1053 1397 1140 praeferendos
1441 1054 1804 1140 opinantur,
1850 1053 2113 1117 virtutes
2158 1052 2295 1135 ejus
2337 1046 2572 1131 legitur

666 1155 1146 1220 commendasse
1198 1155 1627 1221 sanctissimus
1680 1177 1844 1239 papa
1892 1152 2261 1236 Gregorius,
2308 1159 2376 1213 et
2416 1148 2570 1212 fusis

666 1278 778 1343 pro
822 1279 901 1321 eo
943 1257 1303 1345 lachrymiS,
1345 1257 1692 1323 inferorum
1739 1254 2201 1340 compescuisse
2246 1249 2564 1327 incendia,

667 1361 949 1425 Domino
980 1370 1429 1424 remunerante
1459 1360 1527 1423 in
1559 1357 1993 1423 misericordia
2021 1355 2204 1420 uberi
2225 1352 2566 1442 justitiam,

663 1483 854 1546 quam
890 1461 1099 1525 viduae
1122 1461 1302 1524 flenti
1325 1461 1699 1525 exhibuerat
1732 1460 2065 1544 TrajanuS.
2145 1457 2366 1531 Quum
2391 1455 2563 1519 enim

662 1572 1050 1626 memoratus
1097 1562 1471 1648 Imperator,
1508 1563 1645 1647 jam
1696 1582 1935 1647 equum
1988 1558 2438 1637 adscendisset,
2471 1556 2561 1621 ad

663 1663 906 1727 bellum
968 1664 1383 1749 profecturus,
1441 1662 1633 1728 vidua
1698 1648 2093 1749 apprehenso
2153 1661 2315 1747 pede
2373 1659 2563 1736 illius,

666 1762 1112 1827 miserabiliter
1153 1764 1398 1849 lugens,
1432 1763 1551 1829 sibi
1586 1764 1901 1848 justitiam
1943 1762 2081 1827 fieri
2121 1761 2326 1848 petiit,
2357 1760 2439 1825 de
2469 1761 2566 1825 his

665 1867 775 1952 qui
804 1866 1007 1930 filium
1034 1867 1171 1952 ejus
1199 1867 1537 1952 optimum,
1560 1877 1625 1931 et
1646 1865 2236 1930 innocentissimum
2257 1864 2566 1949 juvenem

665 1968 898 2053 injuste
927 1968 1310 2034 occiderant.
1401 1968 1530 2048 Tu,
1559 1967 1790 2055 inquit,
1828 1970 2139 2053 Auguste,
2172 1967 2468 2052 imperas,
2500 1977 2568 2031 et

666 2092 788 2155 ego
818 2082 949 2135 tam
980 2081 1258 2135 atrocem
1292 2071 1585 2156 injuriam
1621 2069 1872 2156 patior?
1918 2069 2079 2158 Ego,
2112 2069 2322 2154 inquit
2352 2068 2572 2154 Impe-

665 2181 851 2249 rator,
876 2170 1254 2236 satisfaciam
1277 2172 1395 2236 tibi
1419 2195 1616 2259 quum
1643 2173 1916 2237 rediero,
1981 2171 2179 2254 Quid,
2202 2171 2412 2258 inquit
2432 2171 2566 2250 illa,

664 2273 716 2337 si
747 2296 872 2339 non
906 2273 1214 2338 redieris?
1290 2275 1629 2340 Successor
1656 2298 1862 2356 meuS,
1890 2275 1979 2340 ait
2021 2274 2358 2359 TrajanuS,
2391 2274 2570 2338 satis-

667 2376 857 2441 faciet
913 2378 1050 2443 tibi.
1157 2376 1244 2440 Et
1298 2377 1443 2441 illae
1522 2377 1696 2452 Quid
1757 2377 1877 2441 tibi
1936 2375 2236 2462 proderit,
2296 2375 2348 2440 si
2409 2375 2568 2440 alius

665 2477 1107 2543 benefecerit?
1182 2478 1290 2542 Tu
1342 2479 1500 2542 mihi
1543 2478 1798 2544 debitor
1838 2501 1927 2555 eS,
1977 2477 2328 2542 secundum
2376 2499 2571 2563 opera

665 2580 1029 2645 mercedem
1071 2593 1457 2666 recepturus.
1554 2581 1753 2646 Fraus
1794 2581 2018 2667 utique
2057 2590 2174 2655 est,
2215 2579 2384 2643 nolle
2427 2579 2572 2644 red-

667 2681 819 2744 dere
866 2680 1036 2767 quod
1089 2682 1379 2749 debetur.
1474 2683 1811 2747 Successor
1855 2692 2002 2746 tuus
2052 2680 2350 2766 injuriam
2404 2673 2566 2765 pati-

666 2782 943 2865 entibus,
971 2805 1085 2869 pro
1129 2807 1194 2849 se
1240 2783 1577 2850 tenebitur.
1671 2784 1774 2849 Te
1815 2806 1940 2849 non
1989 2782 2287 2848 liberabit
2320 2781 2570 2868 justitia

665 2884 893 2952 aliena.
960 2887 1139 2950 Bene
1169 2901 1393 2971 agetur
1416 2909 1561 2951 cum
1594 2908 1949 2951 successore
1980 2898 2112 2963 tuo,
2132 2885 2183 2949 si
2205 2884 2571 2949 liberaverit

671 3010 737 3052 se
768 2988 998 3073 ipsum.
1091 2988 1213 3054 His
1242 2990 1451 3055 verbis
1478 3003 1689 3055 motus
1722 2991 2098 3076 Imperator,
2128 2985 2460 3053 descendit
2489 2986 2570 3051 de

665 3113 853 3178 equ0,
907 3103 971 3156 et
1020 3115 1273 3157 causam
1322 3093 1807 3179 praesentialiter
1857 3091 2262 3167 examinavit,
2307 3101 2375 3154 et
2418 3111 2568 3154 con-

665 3195 859 3279 digna
918 3196 1343 3261 satisfactione
1394 3197 1652 3262 viduam
1715 3198 2072 3262 consolatus
2130 3205 2244 3260 est.
2339 3194 2569 3258 Fertur

664 3305 880 3360 autem
927 3295 1330 3361 beatissimus
1394 3298 1742 3383 Gregorius
1806 3299 1984 3385 Papa
2029 3296 2275 3362 tamdiu
2329 3318 2443 3382 pro
2489 3316 2568 3360 eo

664 3396 897 3461 fudisse
921 3396 1296 3484 lachrymas,
1311 3398 1515 3464 donec
1538 3398 1598 3463 ei
1622 3399 1687 3463 in
1703 3399 2088 3466 revelatione
2111 3397 2475 3463 nuntiatum
2488 3399 2570 3464 sit

668 3498 1017 3581 Trajanum
1066 3522 1105 3564 a
1147 3501 1353 3585 poenis
1395 3502 1627 3565 inferni
1670 3500 2034 3581 liberatum,
2063 3503 2183 3568 sub
2227 3524 2306 3567 ea
2347 3512 2566 3567 tamen

666 3596 1051 3674 conditione,
1112 3621 1195 3662 ne
1264 3602 1528 3666 ulterius
1586 3626 1701 3688 pro
1758 3605 1973 3691 aliquo
2031 3604 2275 3668 infideli
2348 3603 2565 3668 Deum

665 3699 1001 3765 sollicitare
1049 3714 1481 3786 praesumeret.
1583 3706 1778 3769 Unde
1832 3719 1898 3770 et
1954 3705 2184 3770 merito
2234 3703 2569 3789 praefertur

662 3802 821 3880 aliis,
869 3803 1049 3888 cujus
1091 3804 1289 3868 virtus
1333 3826 1467 3890 prae
1512 3806 1759 3869 caeteris
1801 3808 1892 3871 ita
1930 3806 2161 3871 sanctis
2204 3804 2463 3891 placuit,
2497 3816 2565 3868 ut

665 3928 884 3971 eorum
930 3906 1195 3986 meritis,
1238 3905 1413 3976 solus,
1449 3907 1531 3970 sit
1574 3906 1897 3973 liberatus.
1990 3906 2078 3972 Et
2119 3906 2259 3972 haec
2304 3906 2561 3993 quidem

663 4009 745 4073 de
776 4009 982 4095 capite
1014 4008 1384 4095 reipublicae
1414 4009 1584 4074 dicta
1615 4020 1782 4074 sunt.

2615 3330 2652 3593 l
