3575 5575
378 813 449 858 car.
465 796 535 876 xit]
700 812 956 860 eotrcnarrcus.
1267 797 1327 860 10⁷

379 963 462 1028 enim
478 963 572 1028 bomo
592 986 654 1027 non
676 985 805 1051 peccare
820 986 882 1028 uon
900 973 1037 1048 poterat,
1053 961 1129 1047 quia
1146 985 1219 1026 eum
1236 967 1327 1029 Deus

376 1077 575 1144 praenoverat
598 1075 814 1151 peccaturum,
837 1077 893 1129 aut
923 1063 1001 1149 quia
1029 1063 1083 1128 ille
1104 1085 1167 1127 non
1196 1086 1326 1150 peceare

376 1177 514 1250 poterat,
525 1190 597 1232 eum
606 1180 812 1253 peccaturum
824 1165 983 1230 Dominus
992 1165 1172 1250 ignorabat.
1210 1166 1325 1252 Neque

375 1287 437 1328 non
454 1267 533 1329 mori
549 1288 642 1351 posse
656 1265 825 1342 nesciebat,
836 1289 874 1330 eo
888 1265 977 1351 quod
992 1276 1060 1330 erat
1076 1265 1196 1350 peceati
1212 1265 1325 1331 merito

375 1369 559 1459 moriturus.
603 1372 718 1454 Neque
739 1389 812 1432 eum
828 1367 909 1432 mori
930 1389 1055 1432 neeesse
1076 1380 1156 1447 erat,
1171 1366 1322 1453 quoniam

376 1467 436 1531 hoo
451 1469 610 1534 Dominus
625 1469 822 1554 praesoiebat.
867 1469 990 1533 Faetus
1004 1481 1050 1533 est
1061 1468 1160 1553 igitur
1170 1466 1325 1553 quodam-

377 1567 472 1631 modo
486 1569 683 1646 immortalis,
699 1574 873 1634 moriturus
887 1569 1000 1654 procul
1014 1569 1125 1646 dubio,
1141 1583 1173 1634 et
1189 1582 1323 1634 mortem

376 1669 471 1755 eulpa
499 1670 620 1745 attulit,
646 1693 743 1756 quam
773 1682 900 1734 naturae
928 1669 1068 1735 conditio
1097 1691 1162 1734 non
1189 1670 1322 1736 invexit.

377 1770 536 1854 Essetque
557 1771 598 1834 ab
618 1792 655 1834 ea
669 1767 907 1835 immortalitate
930 1793 993 1855 qua
1006 1792 1069 1834 non
1091 1772 1172 1833 mori
1189 1782 1325 1855 poterat,

375 1867 408 1932 in
422 1892 493 1933 eam
505 1893 570 1956 qua
581 1871 659 1934 mori
670 1893 732 1934 uon
745 1882 864 1956 posset,
876 1869 1134 1943 transferendum
1157 1870 1220 1934 uisi
1230 1870 1326 1956 culpa

374 1970 609 2051 inobedientiae,
632 1972 764 2058 praecisa
784 1973 920 2057 justitiae
946 1974 1067 2051 semita,
1093 1981 1190 2036 tantae
1213 1969 1326 2056 gloriae

375 2072 498 2138 aditum
514 2096 571 2158 pro
587 2085 730 2160 tempore
749 2074 971 2160 praeclusisset.
1017 2075 1134 2158 itaque
1148 2095 1279 2160 peceare
1292 2088 1325 2139 et

376 2197 438 2239 non
460 2199 590 2261 peceare
609 2176 714 2262 potuit
731 2199 817 2242 mera
838 2175 996 2262 praeditus
1016 2177 1165 2242 libertate
1187 2173 1323 2253 arbitrii,

375 2277 432 2362 qui
442 2277 1013 2364 nulladispositionisviolentia,nullo
1021 2278 1161 2344 fatorum
1171 2277 1324 2363 impulsu,

373 2378 464 2443 nullo
477 2381 667 2446 conditionis
677 2381 817 2459 stimulo,
833 2380 922 2446 nullo
937 2379 1043 2444 adbuc
1058 2391 1181 2445 naturae
1196 2379 1325 2446 defectu

373 2481 550 2566 urgebatur
571 2482 612 2546 ad
635 2486 775 2568 eulpam,
798 2503 872 2568 quae
893 2480 1078 2546 indubitata
1099 2503 1213 2567 parens
1233 2503 1325 2567 paene

374 2580 532 2646 hominem
548 2593 660 2668 sponte
675 2580 798 2670 lapsum
814 2582 949 2669 impegit
961 2581 995 2645 in
1017 2594 1161 2646 mortem.
1204 2585 1325 2646 Verum

374 2682 449 2767 quia
463 2683 497 2746 in
518 2684 677 2770 injustitia
698 2684 788 2748 frena
809 2682 930 2746 laxavit
951 2682 1086 2755 arbitrii,
1109 2684 1154 2746 sie
1170 2683 1256 2744 inea
1268 2703 1327 2768 op·

372 2805 499 2867 pressus
521 2798 552 2848 et
574 2785 711 2850 obrutus
728 2787 824 2871 jacet,
846 2797 882 2849 ut
900 2786 990 2869 justo
1008 2782 1072 2847 Dei
1089 2781 1226 2869 judicio,
1247 2786 1325 2869 quia

372 2896 450 2947 tunc
473 2885 575 2950 noluit
598 2909 617 2950 a
639 2900 768 2972 peccato
788 2886 948 2951 abstinere
969 2907 1071 2970 quum
1094 2884 1211 2971 potuit,
1229 2885 1326 2950 modo

373 2998 508 3071 nequeat
524 2987 681 3053 abstinere
692 3008 793 3072 quum
810 2985 896 3051 velit.
921 2986 1009 3050 Ineo
1020 2999 1127 3051 tamen
1138 2984 1205 3050 solo
1219 2986 1326 3051 adhue

372 3089 400 3151 ei
417 3087 551 3153 liberum
568 3090 654 3174 viget
670 3089 850 3170 arbitrium,
866 3100 904 3153 ut
919 3088 980 3154 sibi
995 3087 1036 3151 ad
1051 3110 1134 3175 opus
1147 3087 1325 3173 iniquitatis

373 3189 519 3269 sufficiat,
533 3193 593 3256 etsi
611 3192 652 3255 ad
676 3193 793 3258 bonum
818 3213 881 3254 non
902 3190 998 3256 nisis
1017 3189 1122 3274 gratia
1140 3200 1325 3274 praeventus

371 3306 403 3355 et
432 3292 564 3378 adjutus
586 3308 742 3379 assurgat.
789 3293 841 3358 sic
857 3292 1020 3379 justitiam
1041 3314 1099 3376 per
1114 3314 1146 3355 se
1164 3290 1322 3367 deserens,

374 3390 541 3457 traductus
563 3405 610 3459 est
630 3395 663 3459 in
686 3416 821 3478 regnum
844 3393 978 3479 peccati,
1001 3403 1033 3455 et
1048 3390 1168 3467 mortis,
1185 3403 1222 3457 ut
1239 3392 1324 3477 jugo

375 3493 535 3559 servitutis
550 3518 676 3581 pressus
696 3496 879 3560 necessitati
901 3492 1108 3579 delinquendi
1122 3505 1155 3557 et
1168 3492 1325 3557 moriendi

376 3592 548 3677 subjaceat,
561 3600 709 3682 quamvis
724 3597 783 3662 boo
805 3619 867 3662 non
888 3596 1029 3660 fatorum
1052 3595 1157 3669 series,
1173 3594 1228 3657 sed
1243 3616 1325 3679 proe-

375 3694 576 3762 varicationis
589 3698 738 3762 meritum
753 3697 948 3764 introducat.
992 3695 1142 3781 Alioquin
1163 3693 1324 3757 bominem

368 3795 457 3861 nulla
463 3797 592 3882 justitia
601 3798 944 3883 condemnabit,quum
955 3796 1051 3882 eulpa
1058 3798 1161 3860 nonin
1172 3817 1257 3872 eum,
1269 3794 1326 3859 sed

373 3899 404 3962 in
436 3898 536 3983 ipsius
559 3912 784 3985 retorqueatur
806 3911 978 3964 auctorem.
1025 3897 1193 3963 Possibilia
1213 3900 1323 3983 itaque

370 4012 456 4083 sunt,
477 4024 550 4086 quae
571 4024 736 4089 uunquam
757 4002 869 4067 futura
892 4011 987 4065 sunt:
1011 4021 1085 4085 quae
1108 3999 1145 4077 si,
1160 3999 1237 4084 quia
1257 4022 1321 4063 nou

369 4116 474 4182 erunt,
488 4108 613 4168 evenire
628 4128 691 4169 non
712 4116 850 4190 possent,
874 4122 1076 4189 nequaquam
1099 4101 1262 4187 possibilia
1275 4099 1323 4163 di-

370 4218 526 4269 cerentur.
582 4206 704 4271 Navale
734 4205 894 4291 siquidem¹
920 4203 1041 4269 bellum
1070 4202 1150 4280 fieri,
1182 4204 1320 4288 itemque

371 4324 430 4365 non
447 4306 516 4369 fieri
537 4307 685 4391 possibile
707 4320 765 4388 est,
779 4308 915 4373 alterum
938 4319 1045 4370 tamen
1067 4305 1198 4390 praeoise
1220 4315 1252 4367 et
1266 4301 1322 4365 de-

372 4406 537 4471 terminate
554 4431 664 4472 verum
681 4424 729 4474 est
746 4423 776 4474 et
793 4408 988 4494 praescitum.
