3575 5575
509 761 570 822 1⁷4
764 774 901 819 rasurus
917 769 1193 820 saaesaaarensrs
1313 757 1395 831 [ma.
1412 774 1463 818 111.

505 940 589 991 etam
607 922 755 1001 oedilicat,
766 947 827 989 non
843 924 986 1004 domurn,
996 925 1143 1010 quisquis
1158 924 1188 987 in
1205 923 1362 989 induratae
1378 946 1464 988 men-

506 1029 549 1092 tis
564 1026 653 1107 vitio,
667 1025 860 1113 pravitatem
875 1027 1018 1110 congerit
1033 1047 1176 1112 operum.
1215 1025 1279 1103 Qui
1294 1025 1325 1089 in
1342 1025 1462 1112 pariete
1493 1043 1498 1052 ·

504 1131 575 1194 solo
599 1130 717 1194 ostium
744 1127 832 1208 facit,
858 1151 1054 1214 quocunque
1077 1127 1277 1212 ingrediatur
1301 1125 1379 1191 foris
1404 1141 1461 1194 est.

506 1232 700 1318 Quicunque
714 1230 747 1293 in
762 1230 888 1316 praeite
909 1229 1025 1316 operis,
1042 1227 1191 1294 indurata
1210 1239 1316 1293 mente
1331 1252 1461 1292 conver-

503 1347 605 1407 satur,
621 1357 640 1397 a
656 1345 837 1397 sanctorum
849 1331 999 1396 societate
1015 1331 1204 1417 sejungitur.
1249 1329 1459 1396 AEditicatum

503 1459 582 1520 ergo
597 1435 749 1522 parietem
765 1434 850 1515 linit,
864 1432 1012 1520 quisquis
1033 1433 1140 1518 pravis
1160 1432 1311 1520 operibus
1325 1433 1460 1520 alicujus

503 1537 671 1601 adulanter
690 1534 869 1622 applaudit.
915 1536 1022 1613 Quum
1039 1556 1114 1597 vero
1134 1535 1175 1598 sit
1199 1546 1293 1619 turpe
1307 1536 1458 1600 omnibus

503 1637 740 1722 adulari,longe
755 1639 882 1723 turpius
898 1649 957 1714 est,
971 1639 997 1701 si
1013 1636 1044 1699 in
1060 1635 1233 1723 praecipuae
1248 1637 1458 1716 auctoritatis,

502 1753 560 1806 aut
580 1739 712 1818 ordinis,
728 1739 824 1820 viros,
845 1737 990 1803 adulatio
1011 1737 1114 1802 cadat.
1159 1737 1249 1802 Adeo
1271 1739 1400 1824 quidem
1422 1748 1458 1805 ut

503 1867 664 1909 sacrorum
703 1863 860 1906 canonum
890 1841 1047 1906 institutis
1083 1853 1214 1905 cautum
1249 1841 1300 1920 sit,
1330 1841 1459 1907 clericos

502 1944 762 2028 irrefragabiliter
784 1942 1000 2030 deponendos,
1027 1944 1085 2029 qui
1108 1956 1281 2009 noscuntur
1303 1943 1458 2009 adulatio-

502 2045 598 2110 nibus
617 2043 779 2110 inserrire.
824 2043 926 2108 Recte
943 2043 1086 2129 quidem,
1100 2044 1177 2131 quia
1193 2045 1296 2110 omnis
1316 2045 1458 2111 adulatio

500 2145 635 2211 comites
656 2145 753 2210 habet
769 2145 876 2210 dolum
899 2157 931 2209 et
951 2144 1109 2222 fraudem,
1126 2146 1403 2233 proditionemque
1424 2161 1456 2215 et

500 2257 607 2312 notam
625 2247 792 2312 mendacii.
837 2247 1004 2333 Sequelsm
1027 2271 1155 2335 quoque
1170 2247 1376 2334 ignominiam
1392 2271 1456 2312 ser·

500 2350 626 2426 vitutis,
641 2349 883 2414 excaecationem
901 2349 1053 2435 proximi,
1069 2362 1100 2415 et
1116 2351 1339 2416 exterminium
1357 2354 1455 2418 torius

500 2451 684 2516 honestatis.
730 2455 781 2516 An
802 2463 931 2516 nonest
956 2450 1028 2514 talis
1043 2473 1106 2516 non
1129 2452 1226 2517 modo
1248 2451 1456 2539 ejiciendusa

498 2551 594 2632 clero,
609 2552 664 2617 sed
679 2575 699 2616 a
713 2564 782 2617 toto
797 2550 939 2615 fidelium
955 2548 1067 2616 coetu?

500 2818 579 2905 Cap.
596 2816 626 2882 6.
652 2818 745 2893 Quod
780 2818 966 2882 adulatores
1002 2821 1211 2902 multiplicati
1245 2827 1324 2885 sunt
1357 2841 1454 2904 super

540 2939 723 2994 numerum,
752 2925 784 2981 et
811 2941 832 2981 a
866 2920 1038 3001 preclaris
1067 2922 1212 2985 domibus
1240 2923 1392 2997 honestos,
1422 2930 1453 2987 at

541 3020 710 3082 dissimiles
723 3020 787 3098 sui,
801 3022 975 3101 sepeliant.

541 3153 624 3216 Hac
645 3165 749 3218 tamen
770 3151 879 3239 pestis,
898 3154 966 3241 jam
987 3156 1018 3220 in
1042 3169 1178 3239 tantum,
1193 3158 1333 3223 Domino
1347 3160 1451 3245 indig-

496 3267 602 3331 nante,
613 3252 760 3331 invaluit‚
773 3269 810 3321 ut
821 3255 848 3320 si
861 3268 990 3321 ventum
1001 3258 1084 3323 forte
1095 3260 1193 3326 fuerit
1204 3260 1244 3325 ad
1257 3260 1451 3342 conflictum,

496 3378 607 3420 vereor
633 3379 672 3421 ne
695 3357 855 3422 modestos
877 3370 911 3423 et
939 3359 1038 3425 bonos
1064 3362 1148 3427 viros
1175 3363 1297 3447 possint
1323 3363 1450 3429 facilius

495 3456 664 3543 expellere,
677 3472 774 3543 quam
790 3460 918 3547 expelli.
963 3464 1070 3550 Serpit
1085 3464 1167 3529 enirn
1183 3464 1295 3530 illuvio
1310 3465 1449 3547 foeda,et

494 3561 624 3625 morbus
639 3583 825 3625 cancerosus
846 3562 879 3626 in
903 3587 1025 3643 omnes,
1042 3579 1079 3631 ut
1094 3567 1204 3633 nullus
1219 3581 1274 3633 aut
1290 3591 1382 3634 rarus
1397 3569 1448 3647 sit,

494 3685 590 3749 quem
608 3662 694 3727 labes
709 3662 770 3727 ista
785 3686 847 3730 non
871 3666 1019 3732 maculet.
1065 3669 1185 3734 Omnes
1199 3671 1282 3735 enirn
1299 3672 1447 3735 affectant

493 3763 739 3829 benivolentiam
771 3788 893 3844 eorum,
924 3789 996 3832 cum
1027 3768 1147 3855 quibus
1177 3770 1307 3838 vivitur.
1351 3770 1448 3845 Quod

493 3866 622 3951 quidem
639 3889 700 3931 non
717 3868 813 3932 modo
830 3868 951 3933 licitum
973 3884 1032 3946 est,
1049 3872 1102 3935 sed
1121 3873 1311 3946 honestum;
1335 3883 1448 3958 utpote

492 3970 611 4043 omnia,
627 3990 701 4052 quoe
716 3984 830 4034 natura
847 3970 1005 4036 virtutum
1026 3996 1153 4059 parens,
1168 3986 1201 4038 et
1216 3987 1304 4039 recte
1319 3974 1447 4038 vivendi

492 4065 561 4130 dux
590 4068 724 4153 optima,
753 4070 869 4155 giguit.
927 4074 990 4138 Sed
1019 4075 1097 4139 dum
1128 4076 1209 4140 hauc
1237 4076 1446 4153 affectionem,

492 4167 719 4234 moderationis
741 4173 852 4255 regula
875 4174 1003 4254 deserit,
1024 4177 1128 4241 fertur
1152 4179 1185 4242 in
1210 4201 1363 4265 praeceps,
1384 4180 1447 4244 dis·

490 4293 684 4355 currensque
708 4294 765 4358 per
790 4277 898 4341 omnia
919 4279 1054 4363 agenda,
1082 4293 1114 4344 et
1141 4303 1204 4345 non
1227 4282 1363 4367 agenda,
1389 4305 1448 4368 per

489 4373 653 4439 infamiam
679 4387 710 4440 et
740 4376 853 4441 bonam
879 4378 1009 4462 famam,
1033 4381 1152 4449 favoris
1182 4406 1310 4471 auceps,
1334 4384 1446 4471 gratiae
