3575 5575
1273 253 1508 433 itan

489 803 550 862 164
732 815 871 860 ioannis
887 811 1167 860 saansasnmnsrs
1291 795 1375 870 [mn.
1388 811 1441 856 111.

488 977 591 1032 mater
601 964 670 1032 vitii
685 977 743 1042 est,
755 965 831 1052 quia
846 986 1010 1051 uunquam
1026 962 1108 1028 adeo
1122 960 1237 1028 sterilis
1252 976 1311 1039 est,
1327 971 1363 1026 ut
1379 983 1444 1025 non

486 1068 654 1134 odibilium
670 1068 809 1132 fructum
824 1064 927 1153 pariat
941 1065 1113 1132 infelicem.
1160 1063 1271 1151 lnquit
1287 1063 1441 1148 Ethicus:

490 1171 544 1237 Tu
560 1172 640 1237 adeo
1294 1149 1419 1200 rx

908 1286 979 1339 nullo
990 1287 1066 1339 thure
1077 1285 1175 1349 litabis,

594 1376 704 1428 Hareat
715 1374 741 1425 in
753 1372 840 1425 stultis
852 1372 937 1425 branis
948 1379 978 1424 ut
989 1373 1131 1424 semiuncia
1143 1371 1216 1423 recti.

489 1480 517 1542 A
565 1477 598 1494 ''
639 1475 769 1562 quidem
791 1471 1018 1538 certitudinem
1034 1473 1142 1549 habet,
1164 1482 1198 1537 et
1220 1472 1269 1537 vel
1291 1473 1324 1536 in
1339 1473 1441 1537 scien-

486 1591 542 1660 tia,
557 1577 608 1642 vel
623 1577 656 1640 in
679 1575 742 1638 fide
765 1573 919 1638 consistit.
962 1574 1027 1640 Sed
1049 1573 1125 1637 fidei
1148 1573 1258 1659 regula
1279 1574 1440 1660 paulisper

485 1681 659 1756 differatur,
682 1677 834 1765 quoniam
863 1699 936 1741 eam
958 1687 1097 1763 tempus,
1120 1686 1154 1740 et
1176 1676 1264 1741 locus
1286 1699 1363 1743 suus
1385 1701 1441 1742 ex-

485 1793 602 1870 pectat.
649 1783 811 1847 Caeterum
826 1779 959 1844 scientia
970 1779 1019 1843 sui
1031 1778 1176 1844 notitiam
1189 1778 1297 1845 habet.
1341 1780 1439 1855 Quod

487 1887 615 1950 evenire
645 1905 709 1947 non
732 1892 845 1967 potest,
869 1881 894 1946 si
924 1903 988 1945 non
1018 1880 1171 1946 metiatur
1199 1881 1281 1946 vires
1303 1905 1385 1967 suas,
1414 1884 1441 1947 si

489 1987 615 2072 ignorat
629 1985 761 2050 alienas.

490 2246 568 2331 Cap.
584 2245 616 2310 2.
642 2245 729 2322 Quia
754 2247 799 2308 eit
818 2245 1050 2326 contemplatio
1072 2246 1224 2323 dominis,
1246 2247 1441 2329 sapientiam

529 2348 721 2433 officiantes,
734 2358 766 2412 et
782 2348 853 2430 qais
867 2349 1049 2430 sitfructaa
1062 2351 1295 2430 speculationis
1309 2349 1415 2431 hayno.

532 2518 601 2584 Esr
622 2535 698 2604 ergo
718 2517 857 2604 primum
881 2515 1018 2580 hominis
1041 2517 1228 2603 sapientiam
1253 2520 1439 2596 affectantis,

487 2621 564 2709 quid
579 2620 647 2706 ipse
662 2619 712 2697 sit,
729 2618 807 2706 qnid
822 2617 905 2685 intra
920 2640 963 2698 se,
985 2617 1064 2705 quid
1086 2630 1175 2684 extra
1184 2643 1230 2699 se,
1252 2620 1330 2708 quid
1349 2621 1443 2703 infra,

487 2723 565 2814 quid
579 2742 684 2811 supra,
700 2722 778 2810 quid
795 2732 914 2798 contra,
930 2721 1007 2808 quid
1023 2732 1109 2804 ante,
1121 2722 1171 2786 vel
1184 2737 1293 2808 postea
1308 2723 1358 2806 sit,
1366 2745 1442 2787 con-

486 2828 645 2913 templari.
662 2826 743 2893 Inde
760 2836 808 2890 est
822 2824 903 2889 forte
916 2825 1002 2912 quod
1016 2824 1074 2907 illi,
1083 2826 1139 2912 qui
1150 2826 1356 2911 primatotius
1370 2826 1441 2913 phi-

486 2927 638 3014 losophiae
662 2928 824 2991 elementa
844 2926 961 3012 posteri
984 2926 1125 2991 strodere
1147 2938 1347 3009 curaverunt,
1367 2929 1442 2994 sub·

485 3030 634 3096 stantiam
649 3029 848 3113 singulorum
863 3028 1007 3093 arbitrati
1028 3040 1103 3093 sunt
1125 3030 1324 3109 intuendam,
1341 3054 1443 3119 quan-

485 3133 621 3215 titatem,
630 3132 669 3196 ad
677 3130 808 3218 aliquid,
819 3130 1018 3218 qualitatem,
1026 3129 1123 3195 situm
1134 3154 1215 3213 esse,
1223 3133 1289 3212 ubi,
1298 3135 1439 3221 quando,

484 3236 614 3313 habere,
630 3235 785 3318 faeere‚et
796 3234 913 3320 pati‚et
923 3233 1196 3299 suasinomnibus
1207 3235 1256 3299 his
1267 3236 1440 3321 proprieta-

485 3350 544 3418 tes,
555 3360 595 3402 an
608 3337 819 3402 intensionem
830 3335 1013 3417 admittant,
1024 3347 1058 3400 et
1066 3336 1284 3423 susceptibilia
1292 3337 1355 3401 sint
1366 3358 1442 3402 con-

486 3441 665 3517 tristiorum,
675 3441 797 3504 etanin
808 3440 853 3504 eis
862 3440 938 3525 ipsis
947 3438 1254 3527 aliquidinveniatur
1263 3440 1441 3506 adversum.¹

488 3544 624 3611 Provide
647 3542 778 3630 quidem
804 3542 874 3607 haec
897 3555 930 3607 et
952 3542 1134 3627 diligenter,
1152 3543 1211 3609 etsi
1227 3545 1259 3608 in
1284 3568 1323 3609 eo
1338 3544 1441 3629 negli-

484 3649 644 3737 gentiores
659 3645 833 3723 extiterint,
850 3648 935 3733 quod
952 3645 1001 3711 sui
1023 3645 1121 3732 ipsius
1137 3648 1280 3712 notitiam
1304 3647 1337 3711 in
1353 3660 1442 3712 tanta

484 3774 591 3821 rerum
616 3758 688 3820 luce
715 3773 777 3815 non
802 3750 938 3816 assecuti
964 3761 1048 3828 sunt,
1072 3751 1199 3817 etlucis
1214 3750 1439 3817 inaccessibilis

484 3855 628 3920 notitiam
652 3852 872 3940 perdiderunt,
895 3852 973 3915 dum
998 3865 1198 3917 evanuerunt
1220 3852 1254 3916 in
1277 3849 1440 3936 cogitatio-

483 3956 578 4021 nibus
599 3956 674 4032 suis,
697 3970 730 4019 et
749 3954 893 4019 dicentes
916 3976 949 4019 se
971 3974 1040 4017 esse
1063 3954 1232 4039 sapientes,
1255 3952 1343 4018 stulti
1364 3954 1439 4018 lacti

484 4067 568 4134 sunt,
584 4068 617 4120 et
631 4056 833 4121 obscuratum
856 4067 906 4120 cst
927 4048 1079 4141 insipiens
1101 4077 1155 4118 cor
1175 4076 1295 4121 eorum.
1342 4056 1440 4132 Quod

484 4182 523 4224 ex
538 4180 578 4223 so
590 4156 796 4233 convincitur,
806 4157 893 4244 quod
903 4157 1011 4222 traditi
1023 4158 1055 4222 in
1069 4157 1229 4243 passiones
1240 4157 1438 4243 ignominiae,

482 4263 643 4330 faciebant
658 4282 731 4348 quae
747 4282 806 4325 nec
828 4260 928 4344 sexui,
944 4284 1003 4326 nec
1019 4260 1117 4336 aetati,
1135 4282 1195 4327 nec
1211 4261 1347 4325 fortunae
1363 4284 1440 4328 con-

482 4366 622 4442 veniant,
639 4386 699 4429 nee
714 4374 847 4443 naturae,
863 4376 897 4429 et
909 4386 1058 4449 personas
1070 4365 1214 4430 omnium
1227 4364 1331 4451 operis
1346 4365 1437 4430 testi·

481 4470 589 4537 monio
610 4468 832 4534 devenustent.
877 4466 956 4531 Dati
978 4466 1136 4553 siqnidem
1158 4468 1286 4533 suntin
1309 4490 1436 4533 sensum
