3575 5575
360 830 430 875 car.
446 813 522 892 xrs]
725 828 981 876 rotrcanrrcus.
1254 818 1318 876 259

358 1001 480 1060 noceas,
498 992 530 1045 et
552 1002 591 1043 ex
616 979 719 1044 officio
738 980 945 1047 humanitatis
967 980 1135 1067 prohibeas
1156 993 1311 1046 nocentes.

358 1081 465 1158 Quum
476 1103 664 1158 veronoces,
674 1082 797 1146 accedis
806 1081 848 1146 ad
858 1082 1019 1170 injuriam.
1043 1084 1150 1160 Quum
1161 1095 1310 1147 nocentes

354 1201 418 1243 non
439 1180 585 1267 impedis,
607 1181 774 1269 injustitiae
795 1181 968 1247 famularis.
1015 1183 1076 1246 Est
1102 1195 1210 1248 autem
1231 1205 1306 1247 con-

354 1284 495 1357 tumelia,
511 1283 640 1368 qnando
661 1300 817 1348 tumorem
841 1284 956 1349 mentis
970 1283 1005 1348 in
1026 1282 1153 1348 laesione
1174 1284 1306 1351 alterius

353 1385 524 1450 manifesta
537 1385 642 1470 operis
656 1387 785 1471 sequela
797 1386 978 1451 comitatur.
1014 1387 1130 1472 quue
1144 1386 1306 1474 iniquitati

352 1486 461 1565 servit,
486 1485 573 1572 qnod
599 1487 632 1551 in
658 1507 743 1567 eum,
764 1488 816 1552 cni
840 1487 1018 1552 reverentia
1041 1509 1101 1573 pro
1125 1488 1306 1553 conditione

352 1587 446 1651 officii
462 1589 512 1652 vel
526 1601 651 1653 naturae
673 1590 834 1654 consortio
854 1589 1002 1669 debetur,
1016 1589 1187 1654 insolenter
1202 1589 1305 1656 insur-

350 1688 409 1774 git.
440 1687 544 1754 Dolus
555 1702 664 1755 autem
675 1703 722 1755 est
736 1692 783 1770 (ut
793 1689 910 1754 diffinit
922 1689 1087 1775 Aquilius)
1100 1711 1202 1776 quum
1214 1688 1303 1754 aliud

352 1792 472 1875 agitur,
492 1803 524 1856 et
543 1791 631 1855 aliud
654 1792 832 1857 simulatur.
878 1791 988 1855 Malus
1009 1790 1136 1877 utiquc,
1158 1791 1304 1878 quotiens

350 1893 389 1957 lit
403 1892 577 1958 intentione
591 1894 735 1959 nocendi.
766 1893 885 1958 Differt
901 1907 1007 1958 autem
1020 1893 1193 1980 plurimum
1210 1893 1304 1957 dolus

350 2016 370 2057 a
385 1994 588 2071 contumelia,
604 1995 754 2080 quoniam
770 1993 838 2059 haec
859 1995 996 2080 superbe
1011 2005 1043 2057 et
1058 1992 1236 2070 manifesto,
1250 1991 1305 2056 ille

349 2093 572 2158 fraudulenter
592 2106 625 2158 et
647 2094 739 2179 quasi
760 2095 802 2158 ab
823 2093 945 2158 insidiis
967 2107 1068 2158 nocet.
1114 2093 1197 2158 Haec
1219 2105 1303 2174 sunt,

347 2216 423 2282 quae
445 2218 546 2282 quum
565 2197 745 2272 incurrunt,
761 2197 929 2262 cathedras
950 2197 1143 2261 subvertunt
1158 2196 1300 2259 omnium

347 2309 555 2384 potestatum,
575 2298 651 2383 quia
670 2322 690 2362 a
709 2299 873 2365 contrariis
892 2310 1104 2384 perpetuatur·
1122 2296 1300 2383 principum

347 2401 458 2486 gloria.
503 2401 608 2466 Dolus
629 2424 767 2487 namque
788 2424 828 2465 ex
851 2399 1033 2465 timiditatis
1055 2397 1191 2482 imagine
1211 2397 1300 2461 infir·

348 2503 468 2568 mitatis
487 2515 594 2568 notam
615 2505 725 2580 habet,
739 2514 772 2567 et
792 2502 975 2568 fortitudini
994 2501 1168 2587 plurimum
1189 2502 1300 2566 adver·

348 2617 446 2668 satur.
492 2603 727 2671 Contumeliam
749 2603 923 2689 prudentia
937 2601 1091 2688 reprimit,
1104 2601 1302 2687 ingeminans

263 2735 280 2764 0
344 2705 479 2791 jugiter,
493 2706 574 2791 quid
595 2707 628 2769 in
651 2718 769 2768 terram
792 2717 824 2768 et
846 2704 981 2768 cinerem
999 2703 1142 2790 superbit
1165 2715 1303 2768 terrast

348 2806 452 2869 cinis?
491 2807 645 2892 Injuriam
678 2804 888 2890 temperantia
918 2826 980 2869 non
1010 2804 1163 2885 admittit,
1192 2805 1301 2870 nolens

346 2906 464 2970 inferre
484 2906 548 2984 alii,
562 2906 650 2992 quod
673 2907 732 2971 sibi
753 2906 851 2970 nollet
865 2907 906 2970 ab
922 2906 985 2970 alio
1003 2905 1146 2991 irrogari.
1191 2910 1237 2971 Et
1251 2908 1300 2971 in·

341 3008 502 3093 justitiam
521 3006 649 3092 justitia
670 3004 823 3084 excludit,
840 3028 1072 3093 usquequaque
1093 3007 1212 3073 faciens
1233 3008 1297 3085 alii,

344 3107 431 3194 quod
446 3106 664 3172 faciendorum
680 3107 776 3171 vellet
796 3108 837 3171 ab
860 3108 924 3171 alio
945 3108 1012 3171 fieri
1034 3107 1093 3171 sibi
1115 3109 1187 3195 ipsi.
1233 3111 1297 3173 Hae

343 3222 417 3275 sunt
446 3221 585 3295 quatuor
615 3210 761 3289 virtutes,
790 3230 871 3295 quas
906 3209 1088 3296 philosophi
1123 3208 1297 3277 cardinales

342 3311 515 3398 appellant,
537 3334 576 3375 eo
601 3313 691 3397 quod
716 3333 736 3373 a
755 3311 860 3398 primo
885 3310 974 3376 sonte
996 3310 1180 3388 honestatis,
1205 3316 1297 3399 quasi

312 3443 316 3452 ¹
341 3415 436 3500 primi
459 3415 555 3525 riquli
578 3436 725 3479 emanare
749 3413 933 3487 credantur,
958 3426 990 3479 et
1016 3414 1057 3477 de
1085 3436 1117 3478 se
1139 3415 1295 3481 bonorum

342 3517 483 3579 omniurn
499 3516 620 3580 fluenta
639 3535 825 3602 propagare.
873 3520 954 3582 Haec
969 3517 1052 3581 forte
1067 3529 1141 3582 sunt
1157 3531 1297 3603 quatuor

342 3615 485 3692 flumina,
495 3637 569 3700 quae
584 3614 625 3677 de
638 3614 788 3700 paradiso
801 3615 983 3680 delitiarum
999 3617 1062 3681 Dei
1076 3616 1297 3700 egrediuntur,

342 3730 380 3781 ut
394 3715 526 3801 irrigent
537 3736 661 3778 omnem
677 3728 805 3790 terram,
816 3736 882 3799 quo
896 3714 1037 3779 fructum
1054 3714 1294 3779 desiderabilem

342 3817 453 3881 afferat
475 3815 507 3878 in
531 3827 672 3900 tempore
693 3834 759 3876 suo.
805 3812 939 3876 Utinam
960 3825 991 3877 et
1014 3812 1055 3875 ad
1076 3812 1185 3875 mede
1205 3812 1294 3878 tonte

340 3919 416 3985 vitae
449 3918 603 4002 (divinam
633 3913 768 4001 gratiam
803 3913 929 3999 loquor)
960 3914 1058 3999 hujus
1087 3913 1294 3999 plenitudinis

339 4031 559 4107 pertranseant
574 4017 682 4094 rivuli,
694 4015 852 4080 ariditatis
866 4036 945 4078 meae
958 4014 1150 4081 inebriantes
1166 4031 1292 4093 terram,

339 4133 377 4191 ut
398 4130 613 4185 succrescente
632 4118 742 4182 fructu
765 4116 921 4180 bonorum
943 4137 1087 4201 operum,
1103 4116 1212 4182 saltem
1235 4119 1289 4183 de-

339 4221 455 4286 clinare
469 4220 801 4287 valeam'imminentis
816 4218 934 4284 securis
949 4222 1058 4299 ictum,
1073 4242 1147 4304 quae
1162 4220 1290 4306 exigen-

342 4323 429 4387 tibus
444 4325 547 4409 culpis
557 4325 647 4403 meis,
657 4323 697 4388 ad
713 4323 849 4387 radicem
865 4343 979 4397 meam,
990 4323 1082 4407 quasi
1098 4321 1139 4385 ad
1154 4322 1292 4387 radicem

342 4424 548 4489 infructuosae
563 4425 695 4502 arboris,
711 4427 815 4510 posita
829 4428 897 4489 est!
930 4424 1154 4507 Quodcunque
1169 4425 1293 4511 lignum
1382 4436 1388 4445 '

792 4546 807 4588 s
823 4532 842 4589 2
