3575 5575
319 824 407 902 ‘ctu
424 837 490 918 uu]
685 851 940 898 notrcmrrcus.
1225 837 1287 897 223

338 1006 463 1071 Stoicos
484 1017 693 1084 transeamus,
707 1005 763 1088 qui
783 1026 896 1068 causas
917 1004 1081 1066 nominum
1103 999 1289 1084 diligentius

336 1107 548 1191 investigeot3
582 1106 676 1170 lictor
689 1106 819 1186 dicitur,
835 1105 928 1192 quasi
949 1104 1028 1188 legis
1044 1103 1133 1182 ictor,
1148 1102 1288 1187 eoquod

335 1208 376 1272 ad
402 1207 502 1293 ipsius
528 1220 650 1293 spectat
675 1207 813 1272 officinm
837 1207 942 1287 ferire,
967 1229 1062 1292 quem
1088 1207 1141 1268 lex
1162 1203 1288 1290 judicat

333 1309 523 1374 feriendum.
568 1309 666 1374 Unde
681 1323 715 1374 et
729 1309 909 1394 antiquitus
928 1309 969 1373 ab
985 1306 1192 1379 Officialibus‚
1207 1327 1290 1391 quo·

335 1435 408 1474 rum
428 1432 525 1474 mauu
544 1411 641 1475 iudex
662 1424 810 1475 nocentes
835 1410 940 1496 punit,
959 1431 1060 1494 quum
1083 1431 1137 1473 reo
1162 1405 1289 1491 gladius

334 1516 523 1589 immineret,
550 1514 735 1598 obtempera
765 1513 844 1598 legis
873 1513 1007 1576 arbitrio
1035 1511 1212 1589 dicebatur,
1238 1510 1289 1574 vel

335 1616 437 1700 legem
448 1615 557 1700 imple,
568 1628 605 1680 ut
616 1617 661 1679 rei
673 1615 834 1679 tristitiam
847 1614 1008 1698 mitigaret
1018 1613 1068 1677 vel
1079 1611 1292 1676 mansuetudo-

336 1721 516 1782 verborum.

335 2053 414 2136 Cap.
431 2057 461 2114 3.
495 2053 588 2127 Quod
607 2053 761 2135 princeps
786 2053 931 2118 minister
957 2061 1003 2118 est
1025 2053 1233 2129 sacerdotum,
1257 2059 1288 2116 et

376 2154 483 2216 minor
495 2155 562 2226 eis;
585 2160 617 2216 et
627 2154 708 2237 quid
717 2155 981 2217 titmt'ne‘stere'um
991 2154 1287 2236 principatusfide·

377 2255 453 2318 liter
463 2276 583 2336 gerere.

377 2404 479 2469 Hunc
495 2428 572 2492 ergo
586 2405 730 2490 gladium
746 2404 785 2469 de
800 2426 896 2468 manu
908 2403 1061 2484 Ecclesiae
1074 2402 1188 2490 accipit
1201 2403 1288 2490 prin-

332 2529 416 2592 ceps,
427 2532 526 2593 quum
543 2508 611 2594 ipsa
626 2521 731 2573 tamen
746 2508 889 2594 gladium
907 2506 1067 2591 sanguinis
1081 2507 1209 2570 omnino
1223 2530 1287 2574 non

333 2607 459 2672 habeat.
504 2610 614 2673 Habet
637 2621 742 2672 tamen
768 2621 800 2673 et
823 2606 933 2687 istum,
955 2609 1010 2671 sed
1035 2631 1072 2671 eo
1100 2610 1203 2673 utitur
1227 2631 1287 2694 per

335 2709 487 2795 principis
497 2732 636 2792 manum,
648 2709 701 2773 cui
712 2708 957 2772 coercendorum
970 2730 1137 2794 corporum
1150 2709 1286 2776 contulit

332 2821 535 2896 potestatem,
551 2809 763 2897 spiritualium
786 2811 846 2874 sibi
868 2811 901 2873 in
923 2810 1129 2895 pontificibus
1150 2812 1287 2876 auctori·

333 2923 400 2975 tate
415 2928 583 2978 reservata.
629 2914 691 2977 Est
709 2935 785 2997 ergo
805 2912 952 2999 princeps
968 2912 1132 2977 sacerdotii
1155 2912 1285 2997 quidem

333 3012 488 3090 minister,
514 3027 546 3079 et
573 3014 631 3100 qui
657 3037 817 3080 sacrorum
844 3014 1019 3079 officiorum
1049 3014 1136 3078 illam
1161 3028 1286 3101 partem

331 3128 468 3196 exercet,
497 3140 570 3202 quae
606 3117 775 3182 sacerdotii
804 3117 951 3183 manibus
984 3117 1112 3183 videtur
1143 3117 1285 3203 indigua.

333 3218 499 3281 Sacrorum
516 3240 654 3304 namque
669 3222 777 3303 legum
792 3241 885 3282 omne
900 3218 1037 3281 officiunt
1054 3216 1237 3302 religiosum
1253 3229 1286 3283 et
1331 3283 1332 3287 ,

329 3318 421 3404 pium
440 3332 500 3397 est,
515 3320 596 3384 illud
619 3334 724 3385 tamen
746 3321 890 3401 inferius,
905 3319 991 3405 quod
1007 3318 1039 3383 in
1061 3318 1165 3404 poenis
1181 3318 1286 3384 crimi-

328 3444 407 3485 num
432 3436 609 3502 exercetur,
634 3434 669 3487 et
694 3421 855 3509 quandam
883 3420 1034 3485 carnificii
1058 3432 1285 3508 repraesentare

330 3521 459 3585 videtur
469 3522 648 3607 imaginem.
675 3525 773 3588 Unde
781 3536 814 3589 et
826 3523 1055 3592 Constantinus
1066 3524 1285 3587 Romanorum

331 3620 533 3686 fidelissimus
555 3626 746 3710 Imperator,
768 3648 869 3711 quum
897 3626 1094 3691 sacerdotum
1117 3624 1285 3688 concilium
1343 3688 1344 3693 ,

331 3723 462 3787 Niceam
479 3739 692 3802 convocasset,
707 3748 764 3789 nec
784 3728 923 3811 primunr
946 3726 1050 3790 locum
1069 3738 1175 3789 tenere
1189 3746 1286 3788 ausus

329 3836 389 3901 est,
404 3845 462 3887 nec
481 3847 514 3887 se
528 3824 786 3910 presbyterorum
808 3826 982 3889 immiscere
1003 3823 1212 3898 consessibus,
1228 3823 1282 3887 sed

330 3925 436 3989 sedem
458 3923 659 3989 novissimam
682 3924 860 4009 occupavit.
908 3922 1085 3987 Sententiae
1108 3947 1182 3989 vero
1203 3946 1285 4010 quas

331 4027 372 4091 ab
387 4024 432 4090 eis
445 4028 639 4113 approbatas
659 4025 795 4109 audivit,
811 4025 856 4091 ita
877 4039 1045 4090 veneratus
1064 4038 1121 4101 est,
1136 4048 1173 4090 ac
1191 4025 1216 4090 si
1231 4049 1284 4093 ees

331 4126 372 4191 de
386 4128 504 4192 divinoe
518 4125 694 4213 majestatis
708 4128 854 4193 sensisset
872 4150 1032 4194 emanasse
1042 4128 1174 4215 judicio.
1220 4130 1283 4193 Sed

331 4239 364 4290 et
378 4226 502 4291 libellos
523 4228 779 4313 inscriptionum,
795 4250 876 4313 quos
891 4226 932 4291 ad
954 4227 1088 4291 invicem
1103 4242 1284 4314 conceptos,

331 4326 529 4391 sacerdotum
551 4327 682 4392 crimina
701 4329 909 4407 continentes,
926 4329 1115 4413 Imperatori
1134 4352 1283 4416 porrexe-

331 4441 414 4511 rant,
427 4430 564 4516 suscepit
580 4431 722 4516 quidem,
734 4431 919 4517 clausosque
934 4432 1075 4517 reposuit
1086 4435 1119 4497 in
1132 4432 1202 4497 sinn
1215 4456 1283 4499 suo.

1357 2047 1384 2411 l
