3575 5575
466 771 525 831 108
718 784 856 830 sciurus
872 785 1148 831 ssassasrususrs
1279 773 1362 846 [cra.
1380 788 1416 834 11.

465 1021 544 1106 Cap.
560 1027 611 1085 al.
635 1023 689 1086 An
704 1025 828 1104 possint
850 1044 870 1084 α
884 1023 956 1086 Deo
969 1022 1046 1084 sciri
1067 1042 1137 1102 quc
1153 1043 1220 1086 non
1242 1027 1416 1098 mantus,-

504 1125 642 1204 siquod
663 1145 770 1188 cerum
792 1123 1046 1186 mutabilitates·
1069 1143 1270 1206 nequaquam
1293 1133 1341 1188 est
1364 1130 1419 1188 in-

490 1225 666 1306 fligendu,·
696 1234 727 1288 ct
748 1225 833 1306 quod
853 1225 935 1287 idem
957 1235 1003 1288 est
1026 1227 1174 1300 scicntia,
1191 1227 1414 1306 prescientia,

503 1326 675 1408 dispositio,
697 1327 910 1408 procidentia,
932 1332 963 1389 ct
987 1326 1248 1407 promiscua·
1272 1334 1304 1392 et
1331 1327 1417 1408 quod

501 1449 577 1492 cmc
598 1428 733 1507 infinito
754 1435 844 1503 sunt,
867 1435 905 1491 ut
925 1447 1077 1490 numerus
1098 1448 1208 1490 mura
1229 1449 1297 1490 non
1318 1434 1416 1509 queat

502 1531 616 1611 superi
630 1531 680 1591 uel
693 1531 819 1601 minui;
843 1537 873 1593 et
888 1529 974 1609 quod
990 1530 1196 1610 procidentia
1211 1532 1338 1592 nullam
1359 1549 1415 1591 ne·

500 1635 674 1694 cessitatem
688 1630 783 1694 rebus
796 1631 934 1695 inducit.

502 1751 569 1814 Suu
583 1772 650 1813 esse
667 1750 735 1834 jam
756 1747 887 1813 alterius
907 1747 1105 1813 difficultatis
1125 1762 1329 1814 succrescunt
1344 1771 1411 1812 cor-

458 1874 532 1927 nua,
559 1863 591 1916 et
615 1873 811 1936 quocunque
838 1873 888 1913 me
913 1863 1048 1932 vertam,
1074 1851 1108 1914 in
1138 1873 1275 1914 errorem
1302 1850 1413 1914 videor

457 1951 629 2016 involutus.
676 1951 710 2014 Si
732 1955 815 2015 enim
839 1971 914 2035 quae
935 1973 998 2014 non
1024 1965 1111 2028 sunt,
1134 1974 1191 2016 nec
1216 1965 1323 2028 erunt,
1345 1975 1412 2015 esse

460 2066 604 2138 possunt,
622 2052 766 2138 profecto
784 2065 815 2116 et
840 2055 932 2117 Deus
946 2067 1052 2138 potest
1068 2055 1147 2118 scire
1162 2054 1249 2140 quod
1264 2075 1327 2117 uon
1343 2054 1413 2130 scit,

459 2166 516 2217 aut
545 2177 583 2217 eo
611 2154 778 2239 ignorante
807 2167 912 2240 potest
942 2155 1066 2240 aliquid
1095 2157 1230 2221 evenire.
1285 2155 1410 2219 Bellum

458 2276 595 2338 namque
613 2255 724 2319 navale
745 2255 830 2341 quod
852 2278 915 2320 non
936 2256 1008 2330 erit,
1023 2258 1104 2322 sicut
1126 2270 1157 2321 et
1176 2257 1257 2342 geri,
1274 2258 1318 2320 sic
1337 2270 1370 2321 et
1392 2279 1412 2320 a

457 2355 642 2439 gerentibus
657 2355 728 2418 sciri
744 2367 857 2440 potest.
904 2357 999 2433 Quod
1021 2356 1134 2443 utique
1153 2371 1186 2422 et
1206 2380 1274 2421 esse
1292 2369 1325 2422 et
1340 2356 1412 2421 sciri

458 2469 564 2543 potest
585 2458 625 2521 ab
647 2458 787 2534 homine,
802 2457 961 2544 numquid
983 2459 1053 2522 sciri
1076 2483 1094 2523 a
1116 2463 1186 2524 Deo
1204 2482 1265 2523 uon
1282 2463 1410 2545 potest?

390 2576 393 2584 ’
460 2559 493 2624 Si
508 2582 584 2644 ergo
599 2570 704 2646 potest
717 2563 807 2624 Deus
819 2560 897 2623 scire
912 2560 1001 2645 quod
1013 2582 1075 2624 nou
1092 2561 1162 2639 scit,
1176 2572 1280 2646 potest
1296 2563 1411 2645 utique

456 2674 487 2726 et
504 2684 566 2726 non
582 2663 660 2726 scire
675 2660 763 2747 quod
779 2663 853 2739 scit,
866 2663 1001 2746 eoquod
1017 2664 1299 2748 contrajacentium
1316 2661 1410 2725 simul

457 2765 543 2829 nulla
553 2765 650 2851 possit
664 2787 729 2828 esse
740 2763 880 2844 scientia,
891 2786 992 2850 quum
1003 2764 1138 2829 alterum
1154 2787 1264 2828 eorum
1277 2785 1411 2849 semper,

456 2866 595 2951 eoquod
612 2866 755 2931 veritatis
775 2867 955 2935 substantia
974 2880 1090 2942 careat,
1106 2868 1147 2931 sit
1162 2866 1338 2930 obnoxium
1353 2866 1411 2929 fal-

457 2966 555 3031 sitati.
600 2970 700 3030 Porro
714 2967 950 3031 mendaciorum
967 2968 1056 3032 nulla
1070 2982 1117 3033 est
1139 2968 1278 3033 scientia.
1324 2969 1411 3044 Quo-

457 3067 552 3131 modo
566 3088 642 3152 ergo
655 3066 783 3132 scientia
794 3067 1004 3132 immutabilis
1014 3082 1074 3146 est,
1085 3069 1137 3133 cui
1147 3069 1293 3133 decessus
1303 3092 1408 3133 rerum

457 3181 560 3254 potest
583 3169 651 3231 fieri
678 3182 709 3233 et
737 3191 892 3246 accessus,
916 3194 991 3256 quae
1016 3160 1129 3256 potest¹
1148 3174 1295 3256 ignorare
1320 3171 1409 3256 quod

456 3292 521 3332 non
538 3272 607 3349 scit,
622 3282 678 3333 aut
699 3270 777 3334 scire
799 3270 884 3355 quod
910 3271 1032 3334 nescit?
1070 3269 1166 3347 Quod
1187 3271 1213 3333 si
1236 3292 1304 3332 eam
1327 3270 1410 3332 vari-

457 3372 570 3435 abilem
586 3393 653 3434 esse
671 3371 849 3456 recipimus,
865 3372 989 3436 Jacobo
1013 3372 1214 3447 reclamante,
1229 3370 1299 3455 jam
1319 3370 1407 3456 opud

455 3496 527 3538 eum
543 3484 590 3536 est
606 3472 749 3552 variatio,
760 3486 791 3537 et
807 3472 1032 3539 vicissitudinis
1042 3472 1259 3550 obumbratio,
1272 3485 1304 3538 et
1316 3485 1408 3558 pater

455 3577 611 3641 luminum
624 3597 691 3638 esse
702 3574 836 3652 desistit,
846 3576 870 3638 si
883 3577 1021 3641 elabitur
1033 3575 1120 3662 quod
1134 3576 1301 3660 praenovit.
1334 3576 1407 3638 Hoc

454 3678 603 3764 equidem
626 3700 683 3740 nec
702 3676 869 3761 gentilium
892 3699 979 3740 error
999 3679 1082 3740 circa
1102 3698 1160 3739 sua
1181 3697 1243 3740 non
1264 3689 1328 3739 tam
1350 3695 1407 3738 nu-

454 3782 547 3857 mina,
564 3804 660 3866 quam
677 3779 834 3843 daemonia
853 3779 1049 3863 dignabatur
1064 3777 1245 3859 admittere,
1260 3776 1317 3862 qui
1334 3778 1406 3861 Sty-

454 3884 538 3968 giam
554 3882 701 3965 paludem
725 3881 795 3945 Diis
817 3882 959 3966 perviam
980 3903 1047 3946 esse
1068 3880 1239 3965 negabant,
1254 3878 1406 3953 dicentes,

454 4007 523 4048 eam
543 3983 689 4047 omnibus
711 3982 935 4060 venerandam,
956 3996 988 4046 et
1009 4002 1240 4068 usquequaque
1262 3978 1403 4043 illicitam

452 4110 472 4149 a
494 4083 674 4149 coelestibus
696 4082 861 4166 praeteriri.
907 4087 1034 4148 Mentes
1056 4103 1194 4168 namque
1217 4080 1406 4159 coelestium,

452 4186 571 4252 oblivio
592 4209 653 4250 uon
678 4186 843 4271 contingit.
889 4185 1048 4273 Nunquid
1069 4208 1145 4270 ergo
1165 4186 1245 4250 fides
1265 4185 1407 4270 recipiet,

452 4288 539 4375 quod
565 4287 605 4350 de
632 4291 703 4351 Deo
731 4286 779 4350 vel
804 4288 874 4373 ipsa
897 4288 1031 4374 perfidia
1057 4287 1230 4350 abhorret?
1269 4288 1406 4351 Constat

452 4404 557 4455 autem
585 4388 672 4473 apud
699 4410 816 4467 omnes,
843 4393 918 4473 quia
945 4392 1032 4453 Deus
1058 4389 1117 4451 scit
1141 4385 1220 4450 illud
1247 4409 1310 4448 non
1335 4406 1404 4451 esse
