<?xml version="1.0" encoding="UTF-8"?>
<!DOCTYPE html PUBLIC "-//W3C//DTD XHTML 1.0 Transitional//EN"
    "http://www.w3.org/TR/xhtml1/DTD/xhtml1-transitional.dtd">
<html xmlns="http://www.w3.org/1999/xhtml" xml:lang="en" lang="en">
 <head>
  <title>
</title>
<meta http-equiv="Content-Type" content="text/html;charset=utf-8" />
  <meta name='ocr-system' content='tesseract 3.04.00' />
  <meta name='ocr-capabilities' content='ocr_page ocr_carea ocr_par ocr_line ocrx_word'/>
</head>
<body>
  <div class='ocr_page' id='page_1' title='image "./joannissaresber12johngoog_0025.png"; bbox 0 0 3575 5575; ppageno 0'>
   <div class='ocr_carea' id='block_1_1' title="bbox 764 196 1652 365">
    <p class='ocr_par' dir='ltr' id='par_1_1' title="bbox 764 196 1652 365">
     <span class='ocr_line' id='line_1_1' title="bbox 764 196 1652 365; baseline 0.024 -21"><span class='ocrx_word' id='word_1_1' title='bbox 764 196 1001 351; x_wconf 54' lang='lat' dir='ltr'><strong>aaa</strong></span> <span class='ocrx_word' id='word_1_2' title='bbox 1039 196 1252 355; x_wconf 53' lang='lat' dir='ltr'><strong>aaa,</strong></span> <span class='ocrx_word' id='word_1_3' title='bbox 1327 250 1652 365; x_wconf 52' lang='lat' dir='ltr'><strong>amasa</strong></span> 
     </span>
    </p>
   </div>
   <div class='ocr_carea' id='block_1_2' title="bbox 370 756 1321 835">
    <p class='ocr_par' dir='ltr' id='par_1_2' title="bbox 370 756 1321 835">
     <span class='ocr_line' id='line_1_2' title="bbox 370 756 1321 835; baseline 0 -16"><span class='ocrx_word' id='word_1_4' title='bbox 370 756 480 835; x_wconf 69' lang='lat' dir='ltr'><strong>raon]</strong></span> <span class='ocrx_word' id='word_1_5' title='bbox 713 772 968 819; x_wconf 79' lang='lat' dir='ltr'><strong>ronrcssrrcos.</strong></span> <span class='ocrx_word' id='word_1_6' title='bbox 1282 760 1321 819; x_wconf 74' lang='lat' dir='ltr'><strong>lt</strong></span> 
     </span>
    </p>
   </div>
   <div class='ocr_carea' id='block_1_3' title="bbox 356 924 1325 4440">
    <p class='ocr_par' dir='ltr' id='par_1_3' title="bbox 356 924 1325 4440">
     <span class='ocr_line' id='line_1_3' title="bbox 368 924 1321 1010; baseline 0.001 -21"><span class='ocrx_word' id='word_1_7' title='bbox 368 936 454 1001; x_wconf 90' lang='lat' dir='ltr'><strong>sunt,</strong></span> <span class='ocrx_word' id='word_1_8' title='bbox 465 925 525 989; x_wconf 89' lang='lat' dir='ltr'><strong>nisi</strong></span> <span class='ocrx_word' id='word_1_9' title='bbox 541 925 617 1009; x_wconf 89' lang='lat' dir='ltr'><strong>quia</strong></span> <span class='ocrx_word' id='word_1_10' title='bbox 631 925 788 1010; x_wconf 90' lang='lat' dir='ltr'><strong>quicquid</strong></span> <span class='ocrx_word' id='word_1_11' title='bbox 799 924 919 1008; x_wconf 90' lang='lat' dir='ltr'><strong>ubique</strong></span> <span class='ocrx_word' id='word_1_12' title='bbox 931 927 1014 988; x_wconf 89' lang='lat' dir='ltr'><strong>bene</strong></span> <span class='ocrx_word' id='word_1_13' title='bbox 1029 924 1152 989; x_wconf 88' lang='lat' dir='ltr'><strong>dictum</strong></span> <span class='ocrx_word' id='word_1_14' title='bbox 1166 934 1225 1001; x_wconf 84' lang='lat' dir='ltr'><strong>est,</strong></span> <span class='ocrx_word' id='word_1_15' title='bbox 1236 926 1321 990; x_wconf 85' lang='lat' dir='ltr'><strong>facio</strong></span> 
     </span>
     <span class='ocr_line' id='line_1_4' title="bbox 367 1023 1322 1110; baseline 0.001 -21"><span class='ocrx_word' id='word_1_16' title='bbox 367 1038 485 1104; x_wconf 85' lang='lat' dir='ltr'><strong>meum,</strong></span> <span class='ocrx_word' id='word_1_17' title='bbox 499 1035 532 1089; x_wconf 90' lang='lat' dir='ltr'><strong>et</strong></span> <span class='ocrx_word' id='word_1_18' title='bbox 545 1024 627 1089; x_wconf 89' lang='lat' dir='ltr'><strong>illud</strong></span> <span class='ocrx_word' id='word_1_19' title='bbox 647 1045 735 1088; x_wconf 92' lang='lat' dir='ltr'><strong>nunc</strong></span> <span class='ocrx_word' id='word_1_20' title='bbox 756 1025 835 1089; x_wconf 90' lang='lat' dir='ltr'><strong>meis</strong></span> <span class='ocrx_word' id='word_1_21' title='bbox 855 1024 896 1089; x_wconf 89' lang='lat' dir='ltr'><strong>ad</strong></span> <span class='ocrx_word' id='word_1_22' title='bbox 917 1023 1157 1110; x_wconf 84' lang='lat' dir='ltr'><strong>compendium,</strong></span> <span class='ocrx_word' id='word_1_23' title='bbox 1170 1046 1258 1088; x_wconf 91' lang='lat' dir='ltr'><strong>nunc</strong></span> <span class='ocrx_word' id='word_1_24' title='bbox 1278 1025 1322 1090; x_wconf 85' lang='lat' dir='ltr'><strong>ad</strong></span> 
     </span>
     <span class='ocr_line' id='line_1_5' title="bbox 367 1123 1323 1209; baseline -0.001 -19"><span class='ocrx_word' id='word_1_25' title='bbox 367 1125 465 1190; x_wconf 89' lang='lat' dir='ltr'><strong>fidem</strong></span> <span class='ocrx_word' id='word_1_26' title='bbox 481 1135 513 1190; x_wconf 89' lang='lat' dir='ltr'><strong>st</strong></span> <span class='ocrx_word' id='word_1_27' title='bbox 525 1125 747 1189; x_wconf 83' lang='lat' dir='ltr'><strong>auctoritatem</strong></span> <span class='ocrx_word' id='word_1_28' title='bbox 759 1123 872 1189; x_wconf 88' lang='lat' dir='ltr'><strong>alienis</strong></span> <span class='ocrx_word' id='word_1_29' title='bbox 886 1125 1033 1209; x_wconf 80' lang='lat' dir='ltr'><strong>exprimo</strong></span> <span class='ocrx_word' id='word_1_30' title='bbox 1043 1125 1157 1189; x_wconf 84' lang='lat' dir='ltr'><strong>verbis.</strong></span> <span class='ocrx_word' id='word_1_31' title='bbox 1188 1126 1235 1189; x_wconf 90' lang='lat' dir='ltr'><strong>Et</strong></span> <span class='ocrx_word' id='word_1_32' title='bbox 1245 1125 1323 1209; x_wconf 89' lang='lat' dir='ltr'><strong>quia</strong></span> 
     </span>
     <span class='ocr_line' id='line_1_6' title="bbox 368 1226 1323 1310; baseline 0 -19"><span class='ocrx_word' id='word_1_33' title='bbox 368 1229 466 1291; x_wconf 88' lang='lat' dir='ltr'><strong>semel</strong></span> <span class='ocrx_word' id='word_1_34' title='bbox 479 1227 564 1310; x_wconf 83' lang='lat' dir='ltr'><strong>coepi</strong></span> <span class='ocrx_word' id='word_1_35' title='bbox 576 1228 713 1291; x_wconf 83' lang='lat' dir='ltr'><strong>revelare</strong></span> <span class='ocrx_word' id='word_1_36' title='bbox 725 1226 841 1289; x_wconf 85' lang='lat' dir='ltr'><strong>mentis</strong></span> <span class='ocrx_word' id='word_1_37' title='bbox 855 1245 982 1301; x_wconf 88' lang='lat' dir='ltr'><strong>arcana,</strong></span> <span class='ocrx_word' id='word_1_38' title='bbox 994 1227 1206 1308; x_wconf 82' lang='lat' dir='ltr'><strong>arrogantiam</strong></span> <span class='ocrx_word' id='word_1_39' title='bbox 1218 1248 1323 1291; x_wconf 88' lang='lat' dir='ltr'><strong>meam</strong></span> 
     </span>
     <span class='ocr_line' id='line_1_7' title="bbox 366 1327 1322 1412; baseline 0.001 -22"><span class='ocrx_word' id='word_1_40' title='bbox 366 1328 495 1411; x_wconf 83' lang='lat' dir='ltr'>plenius</span> <span class='ocrx_word' id='word_1_41' title='bbox 517 1327 697 1392; x_wconf 82' lang='lat' dir='ltr'><strong>denudabo.</strong></span> <span class='ocrx_word' id='word_1_42' title='bbox 742 1328 863 1392; x_wconf 82' lang='lat' dir='ltr'><strong>Omnes</strong></span> <span class='ocrx_word' id='word_1_43' title='bbox 885 1338 960 1409; x_wconf 81' lang='lat' dir='ltr'><strong>ergo</strong></span> <span class='ocrx_word' id='word_1_44' title='bbox 984 1327 1042 1412; x_wconf 93' lang='lat' dir='ltr'><strong>qui</strong></span> <span class='ocrx_word' id='word_1_45' title='bbox 1068 1328 1149 1391; x_wconf 89' lang='lat' dir='ltr'><strong>mihi</strong></span> <span class='ocrx_word' id='word_1_46' title='bbox 1169 1328 1204 1390; x_wconf 94' lang='lat' dir='ltr'><strong>in</strong></span> <span class='ocrx_word' id='word_1_47' title='bbox 1224 1329 1322 1392; x_wconf 81' lang='lat' dir='ltr'><strong>verbo</strong></span> 
     </span>
     <span class='ocr_line' id='line_1_8' title="bbox 367 1428 1322 1513; baseline 0 -21"><span class='ocrx_word' id='word_1_48' title='bbox 367 1440 424 1492; x_wconf 86' lang='lat' dir='ltr'><strong>ant</strong></span> <span class='ocrx_word' id='word_1_49' title='bbox 449 1450 544 1512; x_wconf 90' lang='lat' dir='ltr'><strong>opere</strong></span> <span class='ocrx_word' id='word_1_50' title='bbox 569 1428 835 1513; x_wconf 76' lang='lat' dir='ltr'><strong>philosophantes</strong></span> <span class='ocrx_word' id='word_1_51' title='bbox 861 1436 1046 1505; x_wconf 87' lang='lat' dir='ltr'><strong>occurrunt,</strong></span> <span class='ocrx_word' id='word_1_52' title='bbox 1072 1448 1162 1492; x_wconf 89' lang='lat' dir='ltr'><strong>meos</strong></span> <span class='ocrx_word' id='word_1_53' title='bbox 1186 1428 1322 1493; x_wconf 89' lang='lat' dir='ltr'><strong>clientes</strong></span> 
     </span>
     <span class='ocr_line' id='line_1_9' title="bbox 368 1527 1321 1614; baseline 0 -21"><span class='ocrx_word' id='word_1_54' title='bbox 368 1551 439 1593; x_wconf 90' lang='lat' dir='ltr'><strong>esse</strong></span> <span class='ocrx_word' id='word_1_55' title='bbox 455 1530 597 1606; x_wconf 82' lang='lat' dir='ltr'><strong>arbitror,</strong></span> <span class='ocrx_word' id='word_1_56' title='bbox 612 1543 645 1593; x_wconf 89' lang='lat' dir='ltr'><strong>et</strong></span> <span class='ocrx_word' id='word_1_57' title='bbox 659 1527 747 1614; x_wconf 91' lang='lat' dir='ltr'><strong>quod</strong></span> <span class='ocrx_word' id='word_1_58' title='bbox 763 1528 867 1612; x_wconf 86' lang='lat' dir='ltr'><strong>majus</strong></span> <span class='ocrx_word' id='word_1_59' title='bbox 888 1540 946 1607; x_wconf 89' lang='lat' dir='ltr'><strong>est,</strong></span> <span class='ocrx_word' id='word_1_60' title='bbox 962 1528 1043 1592; x_wconf 93' lang='lat' dir='ltr'><strong>mihi</strong></span> <span class='ocrx_word' id='word_1_61' title='bbox 1058 1528 1194 1593; x_wconf 89' lang='lat' dir='ltr'><strong>vendico</strong></span> <span class='ocrx_word' id='word_1_62' title='bbox 1209 1530 1243 1591; x_wconf 94' lang='lat' dir='ltr'><strong>in</strong></span> <span class='ocrx_word' id='word_1_63' title='bbox 1258 1549 1321 1593; x_wconf 86' lang='lat' dir='ltr'><strong>ser·</strong></span> 
     </span>
     <span class='ocr_line' id='line_1_10' title="bbox 368 1627 1322 1714; baseline 0 -21"><span class='ocrx_word' id='word_1_64' title='bbox 368 1630 517 1706; x_wconf 78' lang='lat' dir='ltr'><strong>vitutem,</strong></span> <span class='ocrx_word' id='word_1_65' title='bbox 537 1629 616 1693; x_wconf 87' lang='lat' dir='ltr'><strong>adeo</strong></span> <span class='ocrx_word' id='word_1_66' title='bbox 632 1629 762 1714; x_wconf 91' lang='lat' dir='ltr'><strong>quidem</strong></span> <span class='ocrx_word' id='word_1_67' title='bbox 777 1629 863 1692; x_wconf 85' lang='lat' dir='ltr'><strong>utin</strong></span> <span class='ocrx_word' id='word_1_68' title='bbox 879 1627 1103 1692; x_wconf 79' lang='lat' dir='ltr'><strong>traditionibus</strong></span> <span class='ocrx_word' id='word_1_69' title='bbox 1117 1630 1185 1692; x_wconf 86' lang='lat' dir='ltr'><strong>suis</strong></span> <span class='ocrx_word' id='word_1_70' title='bbox 1198 1631 1322 1713; x_wconf 87' lang='lat' dir='ltr'><strong>seipsos</strong></span> 
     </span>
     <span class='ocr_line' id='line_1_11' title="bbox 366 1727 1323 1813; baseline 0.002 -21"><span class='ocrx_word' id='word_1_71' title='bbox 366 1750 425 1813; x_wconf 91' lang='lat' dir='ltr'><strong>pro</strong></span> <span class='ocrx_word' id='word_1_72' title='bbox 441 1750 492 1792; x_wconf 91' lang='lat' dir='ltr'><strong>me</strong></span> <span class='ocrx_word' id='word_1_73' title='bbox 507 1729 625 1811; x_wconf 80' lang='lat' dir='ltr'><strong>linguis</strong></span> <span class='ocrx_word' id='word_1_74' title='bbox 648 1728 804 1813; x_wconf 88' lang='lat' dir='ltr'><strong>objiciant</strong></span> <span class='ocrx_word' id='word_1_75' title='bbox 825 1727 1048 1791; x_wconf 87' lang='lat' dir='ltr'><strong>detractorum.</strong></span> <span class='ocrx_word' id='word_1_76' title='bbox 1094 1730 1181 1791; x_wconf 93' lang='lat' dir='ltr'><strong>Nam</strong></span> <span class='ocrx_word' id='word_1_77' title='bbox 1195 1738 1228 1793; x_wconf 86' lang='lat' dir='ltr'><strong>et</strong></span> <span class='ocrx_word' id='word_1_78' title='bbox 1248 1730 1323 1794; x_wconf 90' lang='lat' dir='ltr'><strong>illos</strong></span> 
     </span>
     <span class='ocr_line' id='line_1_12' title="bbox 366 1828 1323 1914; baseline -0.001 -19"><span class='ocrx_word' id='word_1_79' title='bbox 366 1829 462 1895; x_wconf 89' lang='lat' dir='ltr'><strong>laudo</strong></span> <span class='ocrx_word' id='word_1_80' title='bbox 485 1839 640 1895; x_wconf 84' lang='lat' dir='ltr'><strong>auctores</strong></span> <span class='ocrx_word' id='word_1_81' title='bbox 687 1830 803 1914; x_wconf 82' lang='lat' dir='ltr'>Neque</span> <span class='ocrx_word' id='word_1_82' title='bbox 825 1828 917 1891; x_wconf 85' lang='lat' dir='ltr'><strong>illum</strong></span> <span class='ocrx_word' id='word_1_83' title='bbox 939 1828 1159 1892; x_wconf 77' lang='lat' dir='ltr'><strong>Alexandrum</strong></span> <span class='ocrx_word' id='word_1_84' title='bbox 1182 1829 1258 1908; x_wconf 87' lang='lat' dir='ltr'><strong>vidi,</strong></span> <span class='ocrx_word' id='word_1_85' title='bbox 1271 1831 1323 1894; x_wconf 86' lang='lat' dir='ltr'><strong>rel</strong></span> 
     </span>
     <span class='ocr_line' id='line_1_13' title="bbox 368 1929 1324 2008; baseline 0 -13"><span class='ocrx_word' id='word_1_86' title='bbox 368 1932 547 1995; x_wconf 81' lang='lat' dir='ltr'><strong>Caesarem:</strong></span> <span class='ocrx_word' id='word_1_87' title='bbox 577 1952 639 1995; x_wconf 92' lang='lat' dir='ltr'><strong>nec</strong></span> <span class='ocrx_word' id='word_1_88' title='bbox 656 1931 832 2008; x_wconf 84' lang='lat' dir='ltr'><strong>Socratem,</strong></span> <span class='ocrx_word' id='word_1_89' title='bbox 848 1930 1064 2008; x_wconf 88' lang='lat' dir='ltr'><strong>Zenonemre,</strong></span> <span class='ocrx_word' id='word_1_90' title='bbox 1079 1929 1248 1995; x_wconf 89' lang='lat' dir='ltr'><strong>Platonem</strong></span> <span class='ocrx_word' id='word_1_91' title='bbox 1268 1941 1324 1995; x_wconf 89' lang='lat' dir='ltr'><strong>ant</strong></span> 
     </span>
     <span class='ocr_line' id='line_1_14' title="bbox 367 2032 1323 2117; baseline 0 -20"><span class='ocrx_word' id='word_1_92' title='bbox 367 2034 569 2097; x_wconf 82' lang='lat' dir='ltr'><strong>Aristotelem</strong></span> <span class='ocrx_word' id='word_1_93' title='bbox 585 2033 785 2117; x_wconf 87' lang='lat' dir='ltr'><strong>disputantes</strong></span> <span class='ocrx_word' id='word_1_94' title='bbox 801 2032 928 2109; x_wconf 81' lang='lat' dir='ltr'><strong>audiri3</strong></span> <span class='ocrx_word' id='word_1_95' title='bbox 958 2032 1000 2096; x_wconf 91' lang='lat' dir='ltr'><strong>de</strong></span> <span class='ocrx_word' id='word_1_96' title='bbox 1014 2032 1065 2096; x_wconf 90' lang='lat' dir='ltr'><strong>his</strong></span> <span class='ocrx_word' id='word_1_97' title='bbox 1080 2042 1188 2097; x_wconf 85' lang='lat' dir='ltr'><strong>tamen</strong></span> <span class='ocrx_word' id='word_1_98' title='bbox 1202 2041 1236 2097; x_wconf 86' lang='lat' dir='ltr'><strong>at</strong></span> <span class='ocrx_word' id='word_1_99' title='bbox 1252 2034 1323 2098; x_wconf 83' lang='lat' dir='ltr'><strong>aliis</strong></span> 
     </span>
     <span class='ocr_line' id='line_1_15' title="bbox 368 2133 1321 2219; baseline 0 -20"><span class='ocrx_word' id='word_1_100' title='bbox 368 2157 459 2219; x_wconf 89' lang='lat' dir='ltr'><strong>aeque</strong></span> <span class='ocrx_word' id='word_1_101' title='bbox 474 2136 605 2218; x_wconf 83' lang='lat' dir='ltr'><strong>ignotis,</strong></span> <span class='ocrx_word' id='word_1_102' title='bbox 620 2135 661 2199; x_wconf 88' lang='lat' dir='ltr'><strong>ad</strong></span> <span class='ocrx_word' id='word_1_103' title='bbox 676 2133 844 2199; x_wconf 84' lang='lat' dir='ltr'><strong>utilitatem</strong></span> <span class='ocrx_word' id='word_1_104' title='bbox 861 2134 1035 2215; x_wconf 84' lang='lat' dir='ltr'><strong>legentium</strong></span> <span class='ocrx_word' id='word_1_105' title='bbox 1058 2134 1153 2198; x_wconf 90' lang='lat' dir='ltr'><strong>retuli</strong></span> <span class='ocrx_word' id='word_1_106' title='bbox 1174 2135 1321 2218; x_wconf 90' lang='lat' dir='ltr'><strong>plurima.</strong></span> 
     </span>
     <span class='ocr_line' id='line_1_16' title="bbox 367 2236 1321 2318; baseline -0.001 -18"><span class='ocrx_word' id='word_1_107' title='bbox 367 2236 458 2300; x_wconf 83' lang='lat' dir='ltr'><strong>Cedo</strong></span> <span class='ocrx_word' id='word_1_108' title='bbox 485 2247 592 2301; x_wconf 88' lang='lat' dir='ltr'><strong>tamen</strong></span> <span class='ocrx_word' id='word_1_109' title='bbox 616 2258 656 2299; x_wconf 90' lang='lat' dir='ltr'><strong>ne</strong></span> <span class='ocrx_word' id='word_1_110' title='bbox 678 2236 788 2301; x_wconf 90' lang='lat' dir='ltr'><strong>videar</strong></span> <span class='ocrx_word' id='word_1_111' title='bbox 810 2236 1017 2301; x_wconf 84' lang='lat' dir='ltr'><strong>contentione</strong></span> <span class='ocrx_word' id='word_1_112' title='bbox 1044 2236 1192 2318; x_wconf 80' lang='lat' dir='ltr'><strong>gaudere,</strong></span> <span class='ocrx_word' id='word_1_113' title='bbox 1215 2245 1250 2300; x_wconf 91' lang='lat' dir='ltr'><strong>et</strong></span> <span class='ocrx_word' id='word_1_114' title='bbox 1269 2258 1321 2300; x_wconf 91' lang='lat' dir='ltr'><strong>me</strong></span> 
     </span>
     <span class='ocr_line' id='line_1_17' title="bbox 367 2336 1324 2414; baseline 0.001 -13"><span class='ocrx_word' id='word_1_115' title='bbox 367 2338 521 2402; x_wconf 90' lang='lat' dir='ltr'><strong>officiosis</strong></span> <span class='ocrx_word' id='word_1_116' title='bbox 551 2339 652 2402; x_wconf 79' lang='lat' dir='ltr'><strong>fateor</strong></span> <span class='ocrx_word' id='word_1_117' title='bbox 676 2358 770 2401; x_wconf 92' lang='lat' dir='ltr'><strong>usum</strong></span> <span class='ocrx_word' id='word_1_118' title='bbox 800 2358 870 2403; x_wconf 88' lang='lat' dir='ltr'><strong>esse</strong></span> <span class='ocrx_word' id='word_1_119' title='bbox 900 2336 1089 2414; x_wconf 83' lang='lat' dir='ltr'><strong>mendaciis,</strong></span> <span class='ocrx_word' id='word_1_120' title='bbox 1116 2346 1149 2401; x_wconf 89' lang='lat' dir='ltr'><strong>et</strong></span> <span class='ocrx_word' id='word_1_121' title='bbox 1177 2338 1204 2401; x_wconf 92' lang='lat' dir='ltr'><strong>si</strong></span> <span class='ocrx_word' id='word_1_122' title='bbox 1231 2338 1324 2402; x_wconf 89' lang='lat' dir='ltr'><strong>aliter</strong></span> 
     </span>
     <span class='ocr_line' id='line_1_18' title="bbox 368 2439 1322 2525; baseline -0.001 -22"><span class='ocrx_word' id='word_1_123' title='bbox 368 2441 500 2503; x_wconf 88' lang='lat' dir='ltr'><strong>aemulus</strong></span> <span class='ocrx_word' id='word_1_124' title='bbox 516 2461 583 2503; x_wconf 88' lang='lat' dir='ltr'><strong>nou</strong></span> <span class='ocrx_word' id='word_1_125' title='bbox 597 2440 747 2525; x_wconf 74' lang='lat' dir='ltr'><strong>quiescit,</strong></span> <span class='ocrx_word' id='word_1_126' title='bbox 763 2439 916 2523; x_wconf 92' lang='lat' dir='ltr'><strong>quoniam</strong></span> <span class='ocrx_word' id='word_1_127' title='bbox 931 2447 964 2503; x_wconf 91' lang='lat' dir='ltr'><strong>et</strong></span> <span class='ocrx_word' id='word_1_128' title='bbox 985 2460 1045 2523; x_wconf 78' lang='lat' dir='ltr'><strong>ego</strong></span> <span class='ocrx_word' id='word_1_129' title='bbox 1060 2460 1168 2503; x_wconf 87' lang='lat' dir='ltr'><strong>meum</strong></span> <span class='ocrx_word' id='word_1_130' title='bbox 1183 2439 1322 2504; x_wconf 83' lang='lat' dir='ltr'><strong>Cornifi·</strong></span> 
     </span>
     <span class='ocr_line' id='line_1_19' title="bbox 366 2529 1322 2616; baseline -0.002 -11"><span class='ocrx_word' id='word_1_131' title='bbox 366 2540 453 2605; x_wconf 89' lang='lat' dir='ltr'><strong>cium</strong></span> <span class='ocrx_word' id='word_1_132' title='bbox 474 2529 580 2604; x_wconf 90' lang='lat' dir='ltr'><strong>habeo</strong></span> <span class='ocrx_word' id='word_1_133' title='bbox 602 2549 633 2603; x_wconf 85' lang='lat' dir='ltr'><strong>et</strong></span> <span class='ocrx_word' id='word_1_134' title='bbox 656 2540 848 2616; x_wconf 86' lang='lat' dir='ltr'><strong>Lanuvium,</strong></span> <span class='ocrx_word' id='word_1_135' title='bbox 871 2563 924 2605; x_wconf 91' lang='lat' dir='ltr'><strong>me</strong></span> <span class='ocrx_word' id='word_1_136' title='bbox 948 2540 1113 2605; x_wconf 91' lang='lat' dir='ltr'><strong>mendacii</strong></span> <span class='ocrx_word' id='word_1_137' title='bbox 1137 2561 1226 2603; x_wconf 89' lang='lat' dir='ltr'><strong>reum</strong></span> <span class='ocrx_word' id='word_1_138' title='bbox 1250 2560 1322 2603; x_wconf 87' lang='lat' dir='ltr'><strong>esse</strong></span> 
     </span>
     <span class='ocr_line' id='line_1_20' title="bbox 365 2641 1321 2733; baseline -0.001 -30"><span class='ocrx_word' id='word_1_139' title='bbox 365 2642 542 2719; x_wconf 82' lang='lat' dir='ltr'><strong>consentio,</strong></span> <span class='ocrx_word' id='word_1_140' title='bbox 558 2642 613 2725; x_wconf 90' lang='lat' dir='ltr'><strong>qui</strong></span> <span class='ocrx_word' id='word_1_141' title='bbox 629 2642 783 2724; x_wconf 92' lang='lat' dir='ltr'><strong>scriptum</strong></span> <span class='ocrx_word' id='word_1_142' title='bbox 797 2642 882 2718; x_wconf 84' lang='lat' dir='ltr'><strong>nori,</strong></span> <span class='ocrx_word' id='word_1_143' title='bbox 897 2642 974 2733; x_wconf 87' lang='lat' dir='ltr'><strong>quia</strong></span> <span class='ocrx_word' id='word_1_144' title='bbox 995 2641 1101 2716; x_wconf 72' lang='lat' dir='ltr'><strong>omnis</strong></span> <span class='ocrx_word' id='word_1_145' title='bbox 1115 2641 1321 2729; x_wconf 54' lang='lat' dir='ltr'><strong>hoQOen·</strong></span> 
     </span>
     <span class='ocr_line' id='line_1_21' title="bbox 356 2721 1325 2846; baseline 0 -41"><span class='ocrx_word' id='word_1_146' title='bbox 356 2741 450 2846; x_wconf 62' lang='lat' dir='ltr'><strong>Q;</strong></span> <span class='ocrx_word' id='word_1_147' title='bbox 477 2742 560 2806; x_wconf 89' lang='lat' dir='ltr'><strong>adeo</strong></span> <span class='ocrx_word' id='word_1_148' title='bbox 584 2741 725 2825; x_wconf 87' lang='lat' dir='ltr'><strong>quidem,</strong></span> <span class='ocrx_word' id='word_1_149' title='bbox 741 2751 777 2805; x_wconf 92' lang='lat' dir='ltr'><strong>ut</strong></span> <span class='ocrx_word' id='word_1_150' title='bbox 798 2762 859 2804; x_wconf 89' lang='lat' dir='ltr'><strong>nec</strong></span> <span class='ocrx_word' id='word_1_151' title='bbox 881 2750 1006 2805; x_wconf 83' lang='lat' dir='ltr'><strong>vastum</strong></span> <span class='ocrx_word' id='word_1_152' title='bbox 1029 2750 1154 2826; x_wconf 88' lang='lat' dir='ltr'><strong>pectus,</strong></span> <span class='ocrx_word' id='word_1_153' title='bbox 1175 2721 1325 2823; x_wconf 66' lang='lat' dir='ltr'><strong>turgidus</strong></span> 
     </span>
     <span class='ocr_line' id='line_1_22' title="bbox 364 2840 1320 2925; baseline 0.001 -22"><span class='ocrx_word' id='word_1_154' title='bbox 364 2851 484 2918; x_wconf 87' lang='lat' dir='ltr'><strong>venter,</strong></span> <span class='ocrx_word' id='word_1_155' title='bbox 509 2840 631 2904; x_wconf 90' lang='lat' dir='ltr'><strong>tumida</strong></span> <span class='ocrx_word' id='word_1_156' title='bbox 656 2840 754 2904; x_wconf 81' lang='lat' dir='ltr'><strong>facies</strong></span> <span class='ocrx_word' id='word_1_157' title='bbox 780 2849 812 2904; x_wconf 88' lang='lat' dir='ltr'><strong>et</strong></span> <span class='ocrx_word' id='word_1_158' title='bbox 836 2841 1028 2919; x_wconf 89' lang='lat' dir='ltr'><strong>rubicunda,</strong></span> <span class='ocrx_word' id='word_1_159' title='bbox 1053 2841 1165 2924; x_wconf 84' lang='lat' dir='ltr'><strong>lingua</strong></span> <span class='ocrx_word' id='word_1_160' title='bbox 1188 2861 1320 2925; x_wconf 83' lang='lat' dir='ltr'><strong>procax,</strong></span> 
     </span>
     <span class='ocr_line' id='line_1_23' title="bbox 364 2941 1320 3027; baseline 0.001 -21"><span class='ocrx_word' id='word_1_161' title='bbox 364 2942 496 3016; x_wconf 88' lang='lat' dir='ltr'><strong>insulsa,</strong></span> <span class='ocrx_word' id='word_1_162' title='bbox 523 2953 556 3005; x_wconf 90' lang='lat' dir='ltr'><strong>et</strong></span> <span class='ocrx_word' id='word_1_163' title='bbox 580 2941 718 3025; x_wconf 84' lang='lat' dir='ltr'><strong>paratior</strong></span> <span class='ocrx_word' id='word_1_164' title='bbox 741 2961 846 3005; x_wconf 89' lang='lat' dir='ltr'><strong>mores</strong></span> <span class='ocrx_word' id='word_1_165' title='bbox 872 2942 1040 3006; x_wconf 88' lang='lat' dir='ltr'><strong>corrodere</strong></span> <span class='ocrx_word' id='word_1_166' title='bbox 1066 2943 1197 3021; x_wconf 86' lang='lat' dir='ltr'><strong>alienos,</strong></span> <span class='ocrx_word' id='word_1_167' title='bbox 1222 2957 1320 3027; x_wconf 87' lang='lat' dir='ltr'><strong>quam</strong></span> 
     </span>
     <span class='ocr_line' id='line_1_24' title="bbox 364 3043 1319 3128; baseline -0.003 -19"><span class='ocrx_word' id='word_1_168' title='bbox 364 3045 519 3128; x_wconf 81' lang='lat' dir='ltr'><strong>corrigere</strong></span> <span class='ocrx_word' id='word_1_169' title='bbox 541 3066 627 3120; x_wconf 90' lang='lat' dir='ltr'><strong>suos,</strong></span> <span class='ocrx_word' id='word_1_170' title='bbox 649 3055 792 3107; x_wconf 87' lang='lat' dir='ltr'><strong>nostmm</strong></span> <span class='ocrx_word' id='word_1_171' title='bbox 818 3043 976 3126; x_wconf 86' lang='lat' dir='ltr'><strong>receperit</strong></span> <span class='ocrx_word' id='word_1_172' title='bbox 1003 3044 1193 3108; x_wconf 84' lang='lat' dir='ltr'><strong>Lanuvium.</strong></span> <span class='ocrx_word' id='word_1_173' title='bbox 1237 3043 1319 3117; x_wconf 86' lang='lat' dir='ltr'><strong>Quis</strong></span> 
     </span>
     <span class='ocr_line' id='line_1_25' title="bbox 363 3145 1321 3230; baseline 0.001 -22"><span class='ocrx_word' id='word_1_174' title='bbox 363 3147 434 3230; x_wconf 85' lang='lat' dir='ltr'><strong>lpse</strong></span> <span class='ocrx_word' id='word_1_175' title='bbox 461 3147 512 3225; x_wconf 89' lang='lat' dir='ltr'><strong>sit,</strong></span> <span class='ocrx_word' id='word_1_176' title='bbox 533 3146 595 3209; x_wconf 88' lang='lat' dir='ltr'><strong>nisi</strong></span> <span class='ocrx_word' id='word_1_177' title='bbox 620 3146 662 3209; x_wconf 89' lang='lat' dir='ltr'><strong>ab</strong></span> <span class='ocrx_word' id='word_1_178' title='bbox 688 3145 812 3229; x_wconf 91' lang='lat' dir='ltr'><strong>injuriis</strong></span> <span class='ocrx_word' id='word_1_179' title='bbox 837 3155 1004 3229; x_wconf 89' lang='lat' dir='ltr'><strong>temperet,</strong></span> <span class='ocrx_word' id='word_1_180' title='bbox 1026 3145 1145 3225; x_wconf 90' lang='lat' dir='ltr'><strong>dicam,</strong></span> <span class='ocrx_word' id='word_1_181' title='bbox 1166 3154 1200 3208; x_wconf 90' lang='lat' dir='ltr'><strong>et</strong></span> <span class='ocrx_word' id='word_1_182' title='bbox 1223 3146 1321 3229; x_wconf 87' lang='lat' dir='ltr'><strong>plane</strong></span> 
     </span>
     <span class='ocr_line' id='line_1_26' title="bbox 364 3247 1322 3331; baseline -0.002 -20"><span class='ocrx_word' id='word_1_183' title='bbox 364 3258 548 3328; x_wconf 77' lang='lat' dir='ltr'><strong>cognoscet,</strong></span> <span class='ocrx_word' id='word_1_184' title='bbox 561 3248 636 3331; x_wconf 88' lang='lat' dir='ltr'><strong>quia</strong></span> <span class='ocrx_word' id='word_1_185' title='bbox 645 3247 855 3310; x_wconf 84' lang='lat' dir='ltr'><strong>inveteratum</strong></span> <span class='ocrx_word' id='word_1_186' title='bbox 870 3268 952 3324; x_wconf 90' lang='lat' dir='ltr'><strong>esse,</strong></span> <span class='ocrx_word' id='word_1_187' title='bbox 963 3247 1091 3329; x_wconf 87' lang='lat' dir='ltr'><strong>plenam</strong></span> <span class='ocrx_word' id='word_1_188' title='bbox 1107 3268 1174 3309; x_wconf 93' lang='lat' dir='ltr'><strong>non</strong></span> <span class='ocrx_word' id='word_1_189' title='bbox 1186 3247 1322 3325; x_wconf 86' lang='lat' dir='ltr'><strong>confert,</strong></span> 
     </span>
     <span class='ocr_line' id='line_1_27' title="bbox 363 3346 1322 3430; baseline 0 -20"><span class='ocrx_word' id='word_1_190' title='bbox 363 3370 423 3412; x_wconf 83' lang='lat' dir='ltr'><strong>neo</strong></span> <span class='ocrx_word' id='word_1_191' title='bbox 438 3349 593 3430; x_wconf 85' lang='lat' dir='ltr'><strong>integram</strong></span> <span class='ocrx_word' id='word_1_192' title='bbox 609 3357 711 3412; x_wconf 87' lang='lat' dir='ltr'><strong>serrat</strong></span> <span class='ocrx_word' id='word_1_193' title='bbox 722 3347 953 3411; x_wconf 84' lang='lat' dir='ltr'><strong>auctoritatem.</strong></span> <span class='ocrx_word' id='word_1_194' title='bbox 991 3346 1152 3410; x_wconf 89' lang='lat' dir='ltr'><strong>Procedat</strong></span> <span class='ocrx_word' id='word_1_195' title='bbox 1166 3352 1272 3411; x_wconf 89' lang='lat' dir='ltr'><strong>tamen</strong></span> <span class='ocrx_word' id='word_1_196' title='bbox 1288 3355 1322 3410; x_wconf 90' lang='lat' dir='ltr'><strong>et</strong></span> 
     </span>
     <span class='ocr_line' id='line_1_28' title="bbox 362 3444 1321 3531; baseline 0.003 -20"><span class='ocrx_word' id='word_1_197' title='bbox 362 3449 517 3530; x_wconf 90' lang='lat' dir='ltr'><strong>publicet,</strong></span> <span class='ocrx_word' id='word_1_198' title='bbox 532 3458 644 3531; x_wconf 85' lang='lat' dir='ltr'><strong>arguat</strong></span> <span class='ocrx_word' id='word_1_199' title='bbox 658 3469 766 3511; x_wconf 92' lang='lat' dir='ltr'><strong>meum</strong></span> <span class='ocrx_word' id='word_1_200' title='bbox 781 3449 906 3513; x_wconf 88' lang='lat' dir='ltr'><strong>ratione</strong></span> <span class='ocrx_word' id='word_1_201' title='bbox 920 3444 970 3512; x_wconf 84' lang='lat' dir='ltr'><strong>vel</strong></span> <span class='ocrx_word' id='word_1_202' title='bbox 985 3448 1174 3513; x_wconf 83' lang='lat' dir='ltr'><strong>auctoritate</strong></span> <span class='ocrx_word' id='word_1_203' title='bbox 1189 3448 1321 3514; x_wconf 88' lang='lat' dir='ltr'><strong>menda·</strong></span> 
     </span>
     <span class='ocr_line' id='line_1_29' title="bbox 364 3549 1318 3633; baseline 0.003 -22"><span class='ocrx_word' id='word_1_204' title='bbox 364 3549 460 3625; x_wconf 90' lang='lat' dir='ltr'><strong>cium,</strong></span> <span class='ocrx_word' id='word_1_205' title='bbox 486 3558 519 3612; x_wconf 88' lang='lat' dir='ltr'><strong>et</strong></span> <span class='ocrx_word' id='word_1_206' title='bbox 547 3570 607 3630; x_wconf 76' lang='lat' dir='ltr'><strong>ego</strong></span> <span class='ocrx_word' id='word_1_207' title='bbox 633 3552 684 3612; x_wconf 86' lang='lat' dir='ltr'><strong>vel</strong></span> <span class='ocrx_word' id='word_1_208' title='bbox 710 3549 751 3612; x_wconf 89' lang='lat' dir='ltr'><strong>ad</strong></span> <span class='ocrx_word' id='word_1_209' title='bbox 780 3550 907 3613; x_wconf 91' lang='lat' dir='ltr'><strong>inimici</strong></span> <span class='ocrx_word' id='word_1_210' title='bbox 930 3571 1047 3614; x_wconf 85' lang='lat' dir='ltr'><strong>rocem</strong></span> <span class='ocrx_word' id='word_1_211' title='bbox 1070 3568 1138 3613; x_wconf 93' lang='lat' dir='ltr'><strong>non</strong></span> <span class='ocrx_word' id='word_1_212' title='bbox 1166 3551 1318 3633; x_wconf 79' lang='lat' dir='ltr'><strong>refugiam</strong></span> 
     </span>
     <span class='ocr_line' id='line_1_30' title="bbox 364 3648 1319 3734; baseline 0.004 -24"><span class='ocrx_word' id='word_1_213' title='bbox 364 3648 545 3724; x_wconf 86' lang='lat' dir='ltr'><strong>emendari;</strong></span> <span class='ocrx_word' id='word_1_214' title='bbox 576 3649 640 3712; x_wconf 92' lang='lat' dir='ltr'><strong>imo</strong></span> <span class='ocrx_word' id='word_1_215' title='bbox 661 3662 693 3713; x_wconf 91' lang='lat' dir='ltr'><strong>et</strong></span> <span class='ocrx_word' id='word_1_216' title='bbox 715 3650 851 3714; x_wconf 87' lang='lat' dir='ltr'><strong>amicum</strong></span> <span class='ocrx_word' id='word_1_217' title='bbox 875 3649 1002 3728; x_wconf 87' lang='lat' dir='ltr'><strong>ducam,</strong></span> <span class='ocrx_word' id='word_1_218' title='bbox 1018 3651 1073 3734; x_wconf 92' lang='lat' dir='ltr'><strong>qui</strong></span> <span class='ocrx_word' id='word_1_219' title='bbox 1096 3672 1202 3713; x_wconf 90' lang='lat' dir='ltr'><strong>meum</strong></span> <span class='ocrx_word' id='word_1_220' title='bbox 1225 3651 1319 3714; x_wconf 87' lang='lat' dir='ltr'><strong>casti·</strong></span> 
     </span>
     <span class='ocr_line' id='line_1_31' title="bbox 363 3749 1319 3830; baseline 0.003 -19"><span class='ocrx_word' id='word_1_221' title='bbox 363 3749 453 3830; x_wconf 81' lang='lat' dir='ltr'><strong>gabit</strong></span> <span class='ocrx_word' id='word_1_222' title='bbox 473 3768 620 3812; x_wconf 88' lang='lat' dir='ltr'><strong>errorem.</strong></span> <span class='ocrx_word' id='word_1_223' title='bbox 665 3749 701 3812; x_wconf 91' lang='lat' dir='ltr'><strong>Si</strong></span> <span class='ocrx_word' id='word_1_224' title='bbox 724 3759 828 3812; x_wconf 86' lang='lat' dir='ltr'><strong>tamen</strong></span> <span class='ocrx_word' id='word_1_225' title='bbox 844 3760 876 3813; x_wconf 86' lang='lat' dir='ltr'><strong>et</strong></span> <span class='ocrx_word' id='word_1_226' title='bbox 896 3750 1016 3814; x_wconf 86' lang='lat' dir='ltr'><strong>alicubi</strong></span> <span class='ocrx_word' id='word_1_227' title='bbox 1038 3762 1205 3813; x_wconf 90' lang='lat' dir='ltr'><strong>auctorum</strong></span> <span class='ocrx_word' id='word_1_228' title='bbox 1228 3749 1319 3814; x_wconf 87' lang='lat' dir='ltr'><strong>aliter</strong></span> 
     </span>
     <span class='ocr_line' id='line_1_32' title="bbox 363 3848 1319 3934; baseline 0.002 -21"><span class='ocrx_word' id='word_1_229' title='bbox 363 3870 458 3934; x_wconf 89' lang='lat' dir='ltr'><strong>quam</strong></span> <span class='ocrx_word' id='word_1_230' title='bbox 482 3848 673 3933; x_wconf 87' lang='lat' dir='ltr'><strong>scripserim,</strong></span> <span class='ocrx_word' id='word_1_231' title='bbox 693 3849 881 3926; x_wconf 78' lang='lat' dir='ltr'><strong>inveniatur,</strong></span> <span class='ocrx_word' id='word_1_232' title='bbox 901 3871 966 3913; x_wconf 89' lang='lat' dir='ltr'><strong>non</strong></span> <span class='ocrx_word' id='word_1_233' title='bbox 987 3849 1062 3913; x_wconf 87' lang='lat' dir='ltr'><strong>ideo</strong></span> <span class='ocrx_word' id='word_1_234' title='bbox 1084 3851 1246 3913; x_wconf 82' lang='lat' dir='ltr'><strong>constabit</strong></span> <span class='ocrx_word' id='word_1_235' title='bbox 1266 3872 1319 3915; x_wconf 89' lang='lat' dir='ltr'><strong>me</strong></span> 
     </span>
     <span class='ocr_line' id='line_1_33' title="bbox 363 3951 1318 4038; baseline 0.002 -24"><span class='ocrx_word' id='word_1_236' title='bbox 363 3972 433 4014; x_wconf 84' lang='lat' dir='ltr'><strong>asse</strong></span> <span class='ocrx_word' id='word_1_237' title='bbox 447 3953 623 4024; x_wconf 88' lang='lat' dir='ltr'><strong>mentitum,</strong></span> <span class='ocrx_word' id='word_1_238' title='bbox 636 3973 736 4036; x_wconf 91' lang='lat' dir='ltr'><strong>quum</strong></span> <span class='ocrx_word' id='word_1_239' title='bbox 747 3951 781 4015; x_wconf 90' lang='lat' dir='ltr'><strong>in</strong></span> <span class='ocrx_word' id='word_1_240' title='bbox 794 3951 1058 4032; x_wconf 85' lang='lat' dir='ltr'><strong>strategematicis</strong></span> <span class='ocrx_word' id='word_1_241' title='bbox 1069 3951 1249 4026; x_wconf 84' lang='lat' dir='ltr'><strong>historicos,</strong></span> <span class='ocrx_word' id='word_1_242' title='bbox 1262 3954 1318 4038; x_wconf 90' lang='lat' dir='ltr'><strong>qui</strong></span> 
     </span>
     <span class='ocr_line' id='line_1_34' title="bbox 362 4052 1317 4138; baseline 0.003 -22"><span class='ocrx_word' id='word_1_243' title='bbox 362 4056 543 4137; x_wconf 87' lang='lat' dir='ltr'><strong>frequenter</strong></span> <span class='ocrx_word' id='word_1_244' title='bbox 564 4054 604 4116; x_wconf 90' lang='lat' dir='ltr'><strong>ab</strong></span> <span class='ocrx_word' id='word_1_245' title='bbox 623 4055 759 4117; x_wconf 83' lang='lat' dir='ltr'><strong>invicem</strong></span> <span class='ocrx_word' id='word_1_246' title='bbox 783 4052 949 4131; x_wconf 86' lang='lat' dir='ltr'><strong>dissident,</strong></span> <span class='ocrx_word' id='word_1_247' title='bbox 966 4053 1027 4116; x_wconf 90' lang='lat' dir='ltr'><strong>sim</strong></span> <span class='ocrx_word' id='word_1_248' title='bbox 1049 4063 1216 4138; x_wconf 88' lang='lat' dir='ltr'><strong>sequutus,</strong></span> <span class='ocrx_word' id='word_1_249' title='bbox 1230 4065 1263 4119; x_wconf 90' lang='lat' dir='ltr'><strong>et</strong></span> <span class='ocrx_word' id='word_1_250' title='bbox 1283 4056 1317 4118; x_wconf 92' lang='lat' dir='ltr'><strong>in</strong></span> 
     </span>
     <span class='ocr_line' id='line_1_35' title="bbox 362 4152 1319 4241; baseline 0.005 -24"><span class='ocrx_word' id='word_1_251' title='bbox 362 4154 596 4239; x_wconf 90' lang='lat' dir='ltr'><strong>philosophicis</strong></span> <span class='ocrx_word' id='word_1_252' title='bbox 613 4154 796 4221; x_wconf 89' lang='lat' dir='ltr'><strong>academice</strong></span> <span class='ocrx_word' id='word_1_253' title='bbox 818 4152 999 4239; x_wconf 90' lang='lat' dir='ltr'><strong>disputans,</strong></span> <span class='ocrx_word' id='word_1_254' title='bbox 1015 4175 1074 4241; x_wconf 87' lang='lat' dir='ltr'><strong>pro</strong></span> <span class='ocrx_word' id='word_1_255' title='bbox 1096 4157 1228 4220; x_wconf 90' lang='lat' dir='ltr'><strong>rationis</strong></span> <span class='ocrx_word' id='word_1_256' title='bbox 1250 4177 1319 4222; x_wconf 93' lang='lat' dir='ltr'><strong>mo·</strong></span> 
     </span>
     <span class='ocr_line' id='line_1_36' title="bbox 363 4252 1317 4339; baseline 0.006 -25"><span class='ocrx_word' id='word_1_257' title='bbox 363 4252 451 4332; x_wconf 87' lang='lat' dir='ltr'><strong>dulc,</strong></span> <span class='ocrx_word' id='word_1_258' title='bbox 463 4277 535 4339; x_wconf 80' lang='lat' dir='ltr'><strong>quae</strong></span> <span class='ocrx_word' id='word_1_259' title='bbox 547 4259 765 4334; x_wconf 88' lang='lat' dir='ltr'><strong>occurrebant,</strong></span> <span class='ocrx_word' id='word_1_260' title='bbox 777 4255 959 4338; x_wconf 87' lang='lat' dir='ltr'><strong>probabilia</strong></span> <span class='ocrx_word' id='word_1_261' title='bbox 973 4264 1113 4320; x_wconf 88' lang='lat' dir='ltr'><strong>sectatus</strong></span> <span class='ocrx_word' id='word_1_262' title='bbox 1128 4277 1208 4321; x_wconf 87' lang='lat' dir='ltr'><strong>sum.</strong></span> <span class='ocrx_word' id='word_1_263' title='bbox 1246 4255 1317 4320; x_wconf 92' lang='lat' dir='ltr'><strong>Nec</strong></span> 
     </span>
     <span class='ocr_line' id='line_1_37' title="bbox 363 4352 1316 4440; baseline 0.005 -26"><span class='ocrx_word' id='word_1_264' title='bbox 363 4352 627 4419; x_wconf 88' lang='lat' dir='ltr'><strong>Academicorum</strong></span> <span class='ocrx_word' id='word_1_265' title='bbox 639 4358 792 4421; x_wconf 90' lang='lat' dir='ltr'><strong>erubesco</strong></span> <span class='ocrx_word' id='word_1_266' title='bbox 808 4357 1051 4439; x_wconf 85' lang='lat' dir='ltr'><strong>professionem,</strong></span> <span class='ocrx_word' id='word_1_267' title='bbox 1063 4357 1118 4440; x_wconf 92' lang='lat' dir='ltr'><strong>qui</strong></span> <span class='ocrx_word' id='word_1_268' title='bbox 1132 4357 1168 4418; x_wconf 93' lang='lat' dir='ltr'><strong>in</strong></span> <span class='ocrx_word' id='word_1_269' title='bbox 1179 4357 1229 4419; x_wconf 84' lang='lat' dir='ltr'><strong>his</strong></span> <span class='ocrx_word' id='word_1_270' title='bbox 1243 4374 1316 4439; x_wconf 78' lang='lat' dir='ltr'><strong>quae</strong></span> 
     </span>
    </p>
   </div>
   <div class='ocr_carea' id='block_1_4' title="bbox 0 0 1792 5575">
    <p class='ocr_par' dir='ltr' id='par_1_4' title="bbox 0 0 1792 5575">
     <span class='ocr_line' id='line_1_38' title="bbox 0 0 1792 5575; baseline 0 0"><span class='ocrx_word' id='word_1_271' title='bbox 0 0 1792 5575; x_wconf 95' lang='lat' dir='ltr'><strong> </strong></span> 
     </span>
    </p>
   </div>
  </div>
 </body>
</html>
