3575 5575
818 271 945 490 alt*
979 263 1160 430 aa
1264 283 1348 415 a
1391 263 1674 461 ,lamb

851 469 992 596 Μ
1044 456 1165 584 ba,
1245 460 1409 594 »aaa
1469 444 1492 575 ..¹

345 817 415 860 cae.
431 797 515 877 xnu]
692 812 946 859 eoarcaarrous.
1231 797 1291 859 loo

345 968 390 1030 Et
406 964 478 1028 licet
498 963 701 1051 quandoque,
724 985 797 1050 quaa
820 963 951 1028 honesta
971 963 1022 1026 vel
1043 973 1129 1027 recta
1150 973 1236 1041 sunt,
1257 973 1293 1027 ut

344 1064 414 1130 sein
425 1065 493 1128 loco
505 1065 624 1129 mundo
636 1065 715 1129 velle
726 1067 853 1138 servari,
864 1064 912 1128 vel
922 1064 1023 1129 solum
1037 1067 1152 1142 Deum,
1164 1063 1294 1149 quando

344 1165 464 1252 aliquid
481 1166 636 1251 quaeritur
650 1166 808 1251 precibus,
828 1179 859 1231 et
882 1165 1068 1230 muneribus
1082 1165 1294 1229 invocandum

343 1266 519 1352 praecipiat,
537 1266 666 1351 maligni
682 1279 787 1331 tamen
806 1267 937 1353 spiritus
957 1267 1037 1331 hanc
1052 1290 1120 1332 esse
1139 1266 1295 1331 fallaciam

344 1367 552 1432 certissimum
576 1381 635 1447 est,
656 1367 714 1453 qui
738 1380 774 1432 ut
797 1369 903 1431 minus
924 1381 1086 1447 caveatur,
1107 1367 1296 1432 innocentiae

345 1466 395 1528 vel
402 1465 539 1551 justitiae
547 1479 707 1551 praecepta
718 1465 1178 1551 plerumquevideturafferre.
1202 1469 1297 1531 Hanc

346 1565 1034 1651 quidcmidololatriaespeciemesse'fidelium
1046 1566 1154 1630 nullus
1162 1567 1298 1652 ignorat.

347 1669 459 1751 Longe
474 1689 549 1730 vcro
561 1667 757 1731 commodius
772 1668 805 1730 in
817 1667 933 1731 coelum
946 1668 1122 1734 ascendunt
1133 1669 1296 1753 astrologi,

347 1769 403 1855 qui
417 1768 666 1833 academicorum
686 1791 782 1844 more,
807 1769 963 1856 quicquid
978 1770 1023 1833 eis
1037 1771 1208 1834 occurrerit
1226 1792 1299 1855 pro·

346 1870 463 1950 babile,
486 1893 544 1934 suo
561 1871 636 1956 jure
658 1869 844 1934 defendunt.
898 1872 1014 1956 Itaque
1035 1871 1167 1956 quidam
1189 1893 1297 1935 eorum

347 1982 436 2035 motu
453 1970 592 2057 quodam
608 1970 792 2049 irrationali,
806 1969 950 2056 planetas
969 1971 1123 2036 advorsus
1138 1974 1297 2058 Apianem

347 2073 405 2137 niti
421 2073 618 2138 contendunt
631 2098 640 2146 ;
665 2073 728 2148 alii,
745 2088 874 2137 auctore
889 2074 1071 2151 Aristotele,
1082 2075 1209 2139 eosdem
1224 2097 1297 2139 cum

347 2176 546 2240 firmamento
567 2175 643 2238 ferri
666 2175 868 2260 profitentur,
892 2199 1028 2261 quorum
1052 2189 1200 2240 neutrum
1218 2187 1298 2241 teste

348 2277 468 2342 Mineio
492 2277 673 2360 astrologiae
695 2276 814 2362 regulis
843 2277 1005 2341 invenitur
1027 2277 1205 2341 adversum.
1250 2279 1299 2340 At

348 2377 537 2462 genethliaci
560 2378 638 2442 dum
657 2377 698 2441 ad
713 2379 940 2442 divinationem
964 2379 1103 2443 scientiae
1122 2378 1299 2442 coelestium

273 2551 274 2554 Ἴ
346 2479 440 2543 nimis
461 2479 627 2556 insistunt,
650 2492 713 2543 tam
738 2479 880 2565 ipsorum
903 2479 1093 2560 coelestium,
1117 2502 1212 2566 quam
1236 2480 1298 2544 Dei

348 2581 492 2645 notitiam
519 2580 738 2665 perdiderunt.
783 2582 848 2657 Qui
879 2595 983 2645 tamen
1014 2582 1097 2644 inter
1122 2604 1175 2644 eos
1202 2603 1296 2644 suum

346 2680 543 2745 commodius
557 2703 708 2745 excusare
730 2681 879 2745 videntur
894 2704 1044 2756 errorem,
1060 2703 1133 2743 cum
1157 2681 1298 2757 Plotino,

348 2781 569 2847 auctoritatem
580 2804 710 2867 operum
725 2803 786 2844 non
797 2780 970 2846 detrahunt
980 2779 1124 2862 creatori,
1136 2781 1190 2846 sed
1203 2780 1299 2846 semel

349 2899 381 2948 et
405 2884 498 2948 simul
521 2883 562 2947 ab
587 2907 625 2947 eo
651 2883 752 2968 legem
780 2896 927 2948 asserunt
953 2884 1154 2957 institutam
1201 2907 1299 2969 quam

350 2984 458 3049 nullus
470 3006 609 3069 unquam
622 2998 754 3048 conatus
765 2997 907 3064 evacuat,
920 3007 1019 3070 quum
1034 2985 1139 3049 omnia
1149 3007 1222 3068 quae
1237 2985 1300 3049 dis-

349 3086 456 3173 posuit
472 3086 583 3150 futura
598 3087 661 3150 sint
677 3099 712 3151 ut
728 3085 886 3171 praevidit.
917 3086 1012 3163 Quod
1035 3087 1119 3151 forte
1145 3085 1299 3171 Papinius

350 3188 505 3259 intellexit
522 3211 621 3274 quum
638 3188 769 3265 diceret,

454 3304 550 3374 Incipit
560 3322 595 3356 ex
607 3304 669 3369 alto,
681 3321 760 3371 grave
773 3309 800 3356 et
811 3304 972 3357 immutabile
983 3306 1080 3356 sanctia

455 3391 561 3443 Pondus
573 3390 649 3443 adest
659 3390 753 3455 verbis,
767 3396 794 3442 et
805 3406 895 3443 vocem
906 3390 962 3443 fata
974 3395 1123 3458 sequuntur.

351 3496 460 3559 Abeo
481 3518 556 3578 ergo
572 3516 629 3557 sua
651 3505 790 3579 potestas
812 3493 970 3558 attributa
991 3505 1038 3556 est
1061 3492 1194 3577 singulis
1215 3515 1300 3556 crea·

351 3600 443 3671 turis,
459 3597 491 3658 in
514 3595 632 3679 quibus
655 3617 717 3658 non
738 3595 881 3678 oportuit
902 3594 1042 3658 coelestia
1062 3598 1166 3657 locum
1191 3608 1299 3658 tenere

350 3697 567 3771 novissimum,
582 3706 614 3759 et
631 3718 703 3779 quae
723 3695 869 3777 digniora
885 3708 958 3758 sunt
980 3694 1060 3769 aliis,
1076 3694 1192 3757 habere
1208 3694 1299 3757 mini-

352 3792 437 3865 mum
453 3796 626 3884 potestatis.
671 3796 729 3858 Eis
743 3798 851 3880 itaque
862 3809 1018 3880 quantum
1036 3794 1136 3859 voluit
1152 3795 1300 3876 contulit,

352 3901 408 3988 qui
423 3902 482 3963 etsi
498 3898 556 3961 sibi
576 3894 741 3959 retinuerit
760 3895 864 3978 operis
886 3895 1113 3980 principatum,
1135 3895 1297 3980 signorum

350 4001 414 4066 illis
442 3999 483 4063 ad
506 3999 609 4061 minus
630 3994 747 4059 indixit
769 3994 971 4080 obsequium.
1027 3994 1124 4060 Unde
1152 3997 1214 4060 etsi
1236 4020 1299 4061 non

353 4124 436 4187 soepe
449 4102 565 4166 faciant
587 4120 684 4184 opera
702 4097 874 4182 signorum,
889 4111 994 4161 tamen
1010 4110 1139 4161 auctore
1154 4101 1226 4163 Deo
1245 4121 1301 4163 ex·

352 4202 463 4265 hibent
486 4200 666 4263 ministeria.
712 4201 799 4263 Hinc
820 4199 904 4262 forte
933 4197 1025 4274 illud,
1049 4197 1131 4261 Coeli
1153 4213 1300 4263 enarrant

352 4302 486 4385 ¹gloriam
503 4300 577 4375 Dei,
593 4313 625 4363 et
639 4322 735 4383 opera
757 4322 910 4362 manuum
925 4300 995 4384 ejus
1009 4298 1180 4362 annunciat
1195 4300 1300 4362 firma·

356 4415 507 4465 mentum.
553 4402 620 4464 Nec
636 4402 762 4480 mirum,
777 4424 878 4485 quum
895 4412 927 4465 et
942 4424 1025 4473 aves,
1041 4413 1073 4463 et
1087 4398 1147 4464 alia
1162 4399 1300 4484 plurima
