3575 5575
257 176 472 476 aa...

340 426 417 509 r
586 439 589 447 ¹

341 512 345 541 ι
379 506 384 520 r
408 514 412 534 ,
442 490 496 543 *fid
568 476 588 537 ’ἰ
641 492 645 501 ’
681 487 739 535 ‘'t''

309 535 314 549 ι
360 530 362 540 1
608 525 614 539 b
725 527 729 539 Ι
762 529 774 539 h

477 715 515 775 1⁸2
730 728 866 774 roanurs
884 726 1165 772 saansaanrartsrs
1304 710 1386 790 [arn.
1403 729 1428 773 1.

473 881 650 965 posteritati
665 879 779 944 dirinae
794 881 892 945 literae
908 878 1171 943 consecrassent?
1202 882 1303 945 Arcus
1317 882 1428 945 trium·

474 983 589 1065 phales
614 994 690 1047 tunc
718 981 891 1064 proficiunt
917 981 1096 1043 illustribus
1117 982 1193 1045 viris
1215 982 1256 1046 ad
1282 983 1425 1063 gloriam,

476 1103 574 1167 quum
587 1102 629 1144 ex
641 1082 757 1166 quibus
770 1081 886 1157 causis,
894 1092 927 1143 et
936 1101 1070 1164 quorum
1082 1081 1157 1158 sint,
1167 1081 1322 1165 impressa
1331 1080 1429 1144 docet

476 1184 653 1267 inscriptio.
698 1185 916 1249 Liberatorem
935 1184 1059 1265 patriae,
1081 1182 1278 1247 fundatorem
1302 1183 1429 1267 qnietis,

475 1293 553 1346 tunc
576 1282 705 1346 demum
727 1284 891 1367 inspector
906 1284 1063 1363 agnoscit,
1078 1304 1175 1367 quum
1191 1283 1303 1346 titulus
1318 1283 1427 1345 trium-

475 1382 652 1464 phatorem,
666 1404 760 1466 quem
775 1392 884 1447 nostra
899 1383 1066 1447 Britannia
1077 1383 1197 1465 gerant,
1209 1383 1330 1449 indicat
1341 1384 1427 1447 Con·

475 1485 660 1549 stantinum.
706 1486 823 1548 Nullus
850 1485 936 1548 enim
966 1486 1128 1549 constanti
1158 1485 1429 1578 ”Paltwffla

463 1587 597 1673 ,clareia
615 1586 677 1649 nisi
698 1574 1048 1678 Wff-st‘ripito
1061 1572 1184 1669 alieno.
1231 1571 1429 1651 Eademest

463 1674 567 1951 peirn,
587 1699 618 1751 et
640 1674 1005 1771 c'uj'usvis'lmperatoris
1026 1704 1100 1771 post
1118 1689 1280 1754 modicum
1302 1702 1429 1771 tempus

476 1787 594 1867 gloria3
617 1787 678 1848 nisi
693 1798 849 1869 quatenus
870 1789 1021 1849 memoria
1035 1790 1225 1868 alterutrius,
1240 1789 1428 1871 scriptorum

498 1887 630 1951 eueficio
659 1898 857 1970 prorogatur.
916 1888 1005 1959 Quot
1034 1898 1066 1953 et
1097 1901 1234 1971 quantos
1268 1890 1429 1953 arbitraris

475 1988 574 2053 fnisse
603 2008 706 2068 reges,
736 1987 776 2050 de
809 1988 928 2071 quibus
965 2009 1067 2051 sermo
1097 2009 1255 2073 nusquam
1286 2000 1345 2063 est,
1375 2001 1430 2054 aut

476 2088 651 2172 cogitatio?
690 2090 781 2153 Nihil
808 2111 883 2171 ergo
910 2091 1113 2154 consiliosius
1139 2102 1189 2154 est
1213 2092 1430 2175 captatoribus

379 2258 424 2301 s
476 2192 596 2275 gloriae,
610 2212 707 2275 quam
722 2192 919 2269 literatmonr
934 2202 966 2254 et
981 2191 1189 2255 scribentium
1204 2193 1345 2257 maxime
1360 2215 1430 2275 gra·

475 2294 553 2359 tiam
567 2293 747 2377 promereri.
791 2294 951 2357 Inutiliter
966 2294 1052 2357 enim
1067 2296 1113 2357 eis
1128 2307 1279 2375 geruntur
1292 2295 1430 2379 egregia,

476 2394 639 2478 perpetuis
668 2394 809 2457 tenebris
839 2393 1044 2473 obducenda,
1074 2396 1138 2458 nisi
1165 2397 1326 2461 literarum
1355 2399 1429 2461 lucc

477 2495 663 2559 clarescant.
686 2493 851 2580 Quicquid
862 2495 975 2558 favoris
986 2509 1041 2559 ant
1052 2498 1283 2580 praeconiorum
1300 2498 1430 2562 aliunde

477 2594 680 2673 contrahitur,
695 2594 827 2679 perinde
850 2607 909 2675 est,
924 2616 962 2659 ac
985 2596 1013 2659 si
1035 2598 1141 2675 Echo,
1161 2621 1258 2683 qnam
1281 2599 1374 2663 audis
1395 2600 1432 2661 in

475 2694 604 2773 fabulis,
633 2695 765 2778 plausus
795 2697 940 2783 excipiat
969 2698 1158 2776 theatrales3
1195 2700 1316 2765 desinit
1342 2700 1430 2763 enim

476 2817 573 2879 quum
590 2799 734 2880 coeperit.
774 2799 824 2862 Ad
839 2800 909 2862 haec
924 2800 958 2862 in
975 2801 1085 2865 dolore
1102 2803 1260 2878 solatium,
1276 2802 1430 2866 recreatio

476 2899 510 2959 in
525 2897 646 2972 labore,
662 2900 694 2960 in
710 2910 898 2982 paupertate
909 2898 1110 2979 jucunditas,
1125 2901 1285 2961 modestia
1300 2903 1333 2958 in
1350 2897 1431 2955 divi·

477 2998 529 3063 tiis
552 3010 583 3062 et
606 2999 734 3075 delitiis,
757 2996 941 3058 fidelissime
964 3019 984 3058 a
1005 2997 1106 3057 literis
1128 3007 1299 3056 mutuatur.
1344 2995 1429 3057 Nam

476 3101 594 3163 avitiis
616 3099 783 3162 redimitur
804 3095 938 3165 animus,
960 3105 993 3156 et
1014 3093 1103 3154 suavi
1123 3105 1157 3154 et
1178 3093 1258 3154 mira
1279 3095 1430 3177 quadam,

476 3202 572 3264 etiam
591 3202 625 3263 in
649 3197 803 3270 adversis,
821 3193 1027 3276 jucunditate
1047 3192 1198 3270 reficitur,
1214 3216 1314 3279 quum
1329 3198 1369 3261 ad
1384 3199 1433 3260 le-

476 3302 616 3384 gendum
627 3300 675 3360 vel
687 3294 893 3358 scribendum
903 3293 1006 3369 utilia,
1014 3294 1130 3356 mentis
1139 3295 1275 3360 intendit
1283 3320 1430 3363 acumen.

479 3404 611 3465 Nullam
626 3400 658 3462 in
675 3397 771 3458 rebus
786 3394 936 3457 humanis
951 3393 1188 3479 jucundiorem,
1203 3410 1257 3460 aut
1271 3401 1435 3469 utiliorem

478 3502 723 3586 occupationem
756 3497 918 3561 invenies:
954 3499 1014 3560 nisi
1044 3501 1122 3562 t'orte
1154 3500 1308 3569 divinitus
1344 3526 1434 3569 com«

477 3615 599 3690 puncta
614 3598 741 3662 devotio
763 3598 883 3662 orando
900 3599 1017 3664 divinis
1038 3602 1163 3669 insistat
1181 3605 1361 3691 colloquiis,
1375 3619 1431 3670 aut

478 3705 574 3769 corde
588 3725 645 3788 per
660 3702 822 3768 caritatem
844 3702 986 3782 dilatato,
1002 3705 1109 3768 Deum
1129 3716 1237 3770 mente
1258 3707 1431 3791 concipiat,

479 3817 511 3870 et
525 3809 685 3892 magnalia
700 3808 770 3893 ejus
785 3806 872 3890 apud
892 3829 927 3871 se
950 3809 1043 3892 quasi
1059 3808 1199 3891 quadam
1213 3809 1430 3874 meditationis

446 3907 452 3987 Ξ
478 3930 577 3973 manu
592 3919 771 3993 pertractet.
814 3910 960 3992 Experto
981 3911 1087 3985 crede,
1102 3911 1178 3990 quia
1198 3910 1306 3973 omnia
1319 3911 1432 3974 mundi

443 3994 451 4064 l
481 4013 588 4078 dulcia
608 4013 658 4076 his
673 4012 790 4076 collata
812 4011 986 4085 exercitiis,
1001 4022 1219 4086 amarescunt;
1241 4032 1279 4073 eo
1299 4012 1431 4095 quidem

437 4068 447 4175 i
481 4116 591 4196 magis,
603 4137 668 4199 quo
680 4113 797 4196 cuique
810 4132 925 4175 sensus
938 4112 1097 4193 integrior,
1107 4123 1141 4174 et
1155 4112 1234 4173 ratio
1250 4113 1433 4194 incorrupta

475 4215 593 4301 judicii
618 4215 754 4300 purioris
780 4213 867 4294 riget
896 4213 1053 4278 acumine.
1109 4213 1187 4275 Noli
1216 4234 1290 4296 ergo
1316 4215 1432 4293 mirari,

482 4337 578 4399 quare
601 4318 738 4402 aliquem
763 4315 902 4398 gradum.
919 4315 1026 4390 scalae,
1048 4336 1118 4397 quae
1144 4336 1229 4377 nunc
1254 4316 1321 4380 sola
1341 4318 1431 4382 norit
