3575 5575
346 834 417 878 cae.
435 818 509 896 vn]
696 833 951 880 uonvonavrous.
1236 822 1295 880 ‘291

347 983 493 1066 remiges,
508 993 694 1048 contentum
708 984 803 1048 fuisse
815 985 959 1050 traditur.
1000 983 1131 1048 Attilius
1144 983 1298 1064 Regulus,

346 1105 446 1169 quum
468 1085 600 1149 summis
616 1085 710 1149 rebus
731 1085 918 1169 praefuisset,
935 1087 1015 1149 adeo
1037 1106 1157 1170 pauper
1178 1083 1248 1164 suit,
1264 1096 1300 1148 ut

346 1207 389 1262 se,
414 1187 594 1270 conjugem,
616 1187 796 1272 liberosque
821 1187 971 1251 toleraret
996 1187 1109 1270 agello,
1134 1187 1189 1272 qui
1215 1185 1299 1249 cole-

347 1286 440 1350 batur
454 1309 627 1372 perunum
643 1287 795 1353 villicum.
834 1289 936 1372 Cujus
949 1289 1059 1352 audita
1073 1303 1186 1367 morte,
1201 1287 1298 1372 scrip·

347 1388 388 1452 sit
411 1390 544 1453 Senatui
566 1391 607 1453 de
631 1411 809 1453 successore
831 1389 891 1452 sibi
915 1389 1062 1464 creando,
1085 1401 1118 1452 et
1140 1388 1298 1452 destitutis

347 1491 443 1554 rebus
456 1491 547 1554 obitu
562 1491 655 1569 servi,
671 1491 880 1554 necessariam
897 1511 964 1554 esse
980 1491 1180 1574 praesentiam
1197 1513 1296 1554 suam.

349 1593 388 1657 C.
417 1592 524 1678 Scipio
549 1607 620 1678 post
643 1616 693 1657 res
716 1615 865 1678 prospere
889 1593 922 1654 in
948 1591 1105 1677 Hispania
1129 1603 1243 1676 gestas,
1264 1593 1297 1655 in

348 1715 473 1758 summa
502 1706 688 1781 paupertate
718 1695 863 1770 decessit,
891 1716 931 1758 ne
961 1717 1000 1758 ea
1029 1693 1158 1780 quidem
1190 1693 1310 1758 relicta

347 1797 494 1882 pecunia,
510 1819 585 1883 quae
607 1797 764 1862 sufficeret
785 1798 819 1860 iu
841 1798 949 1861 dotem
974 1797 1128 1874 filiarum3
1158 1819 1236 1882 quas
1257 1797 1299 1861 ob

347 1897 488 1982 inopiam
504 1897 632 1983 publice
646 1898 767 1962 dotavit
782 1903 927 1963 Senatus.
976 1897 1066 1960 Idem
1086 1897 1301 1982 praestiterunt

351 1999 564 2064 Athenienses
575 1999 648 2064 filiis
662 1998 810 2064 Aristidis
829 2012 899 2084 post
911 1999 1175 2084 amplissimarum
1193 2022 1298 2063 rerum

349 2100 656 2164 administrationem
695 2100 728 2163 in
763 2122 888 2163 summa
922 2111 1109 2184 paupertate
1144 2098 1299 2162 defuncti.

350 2202 516 2266 Hannibal
541 2203 583 2266 de
609 2215 702 2266 nocte
729 2224 858 2286 surgere
883 2202 993 2266 solitus
1024 2225 1086 2265 nou
1117 2202 1310 2287 quiescebat

347 2314 422 2368 ante
447 2320 586 2383 noctem,
614 2305 800 2389 crepusculo
825 2305 957 2367 demum
984 2304 1084 2367 socios
1109 2304 1149 2366 ad
1176 2326 1299 2368 coenam

348 2407 493 2484 vocabat,
509 2427 614 2492 neque
634 2405 770 2490 amplius
792 2425 888 2489 qnam
904 2403 1028 2466 duobus
1051 2402 1140 2466 lectis
1162 2402 1301 2466 discum·

347 2507 485 2573 bebatur
509 2503 604 2592 apud
620 2529 706 2572 eum.
762 2505 854 2569 Idem
876 2526 980 2591 quum
1009 2505 1068 2568 sub
1099 2505 1301 2568 Hasdrubale

348 2609 501 2673 militaret
528 2613 737 2694 Imperatore,
760 2608 951 2693 plerumque
977 2629 1072 2691 super
1098 2607 1216 2671 nudam
1244 2607 1302 2670 hu-

347 2732 449 2790 mum,
470 2710 579 2794 sagulo
601 2722 715 2785 tectus,
738 2730 865 2772 somnos
887 2707 1042 2793 capiebat.
1089 2707 1300 2770 AEmilianum

353 2809 535 2895 Scipionem
548 2809 683 2874 traditur
694 2810 727 2873 in
739 2810 852 2872 itinere
865 2832 938 2872 cum
952 2808 1061 2872 amicis
1072 2808 1301 2885 ambulantem,

351 2924 483 2996 accepto
505 2933 587 2996 pane
604 2912 686 2975 vesci
709 2911 846 2975 solitum.
893 2912 976 2975 Item
1000 2923 1033 2975 et
1054 2911 1094 2974 de
1120 2912 1302 2975 Alexandro

353 3014 534 3077 Macedone
549 3012 675 3077 dicitur.
716 3014 879 3096 Augustus
897 3012 1006 3077 Caesar
1020 3013 1144 3076 minimi
1157 3014 1218 3078 cibi
1235 3026 1303 3077 erat

351 3125 448 3202 atque
469 3115 615 3199 vulgaris.
662 3114 742 3178 Fere
765 3114 987 3179 secundarium
1012 3138 1139 3200 panem,
1156 3127 1188 3179 et
1210 3116 1302 3201 pispi-

351 3218 439 3282 culos
453 3218 603 3293 minutos,
619 3226 653 3280 et
668 3237 795 3279 caseum
813 3216 957 3281 bibulum
981 3238 1079 3280 manu
1101 3240 1256 3301 pressum,
1272 3231 1304 3281 et

351 3320 430 3384 ficus
457 3320 584 3396 biferas,
608 3318 722 3382 virides
744 3318 893 3394 maxime,
917 3319 1109 3403 appetebat„
1145 3319 1304 3383 Vesceba-

349 3434 465 3508 turque
495 3434 569 3486 ante
599 3443 734 3497 coenam,
765 3442 957 3506 quocunque
993 3432 1136 3505 tempore
1167 3435 1200 3485 et
1235 3422 1304 3486 loco

352 3523 532 3586 stomachus
547 3524 764 3588 desiderasset.
812 3524 908 3589 Unde
931 3523 1045 3607 ipsein
1069 3525 1206 3609 quadam
1224 3526 1304 3608 epis-

351 3622 430 3685 tola:
456 3621 526 3683 Nec
541 3622 673 3685 Judaeus
684 3623 846 3707 equidem,
858 3625 903 3687 mi
921 3624 1043 3698 Tiberi,
1057 3637 1123 3685 tam
1136 3624 1305 3705 diligenter

358 3722 527 3788 sabbatum
555 3734 667 3794 servat,
692 3744 788 3806 quam
819 3745 879 3805 ego
909 3724 1003 3786 hodie
1034 3723 1165 3802 servavi,
1187 3724 1242 3808 qui
1273 3725 1304 3786 in

352 3822 469 3886 balneo
499 3832 569 3906 post
598 3820 708 3883 horam
738 3820 874 3904 primam
904 3820 1021 3905 noctis,
1045 3821 1124 3883 duas
1157 3820 1306 3887 buccatas

353 3921 554 4002 manducavi,
577 3920 762 4005 priusquam
787 3921 864 4003 ungi
886 3920 1071 4005 inciperem.
1118 3922 1203 3985 Iram
1228 3944 1308 4008 quo-

353 4046 416 4111 que
444 4022 594 4086 citissime
625 4020 819 4096 remittebat,
846 4021 924 4083 dum
955 4020 1135 4104 injuriantis
1164 4023 1306 4088 animum

355 4125 479 4189 videret
496 4124 713 4188 immutatum.
761 4120 804 4184 Et
826 4121 996 4207 sicutipse
1019 4123 1157 4203 dicebat,
1173 4124 1307 4190 celerius

355 4248 452 4312 quam
489 4225 632 4309 asparagi
661 4236 849 4309 coquantur.
912 4224 984 4288 Hoc
1013 4226 1099 4287 enim
1131 4227 1227 4290 verbo
1262 4230 1308 4291 rei

353 4326 511 4390 festinatae
526 4326 728 4390 velocitatem
745 4327 867 4390 solebat
878 4326 1070 4411 exprimere.
1114 4328 1149 4389 In
1162 4350 1307 4392 sermone

355 4427 512 4514 siquidem
525 4437 557 4489 et
568 4426 640 4502 hoc,
652 4437 684 4489 et
696 4426 844 4511 quaedam
857 4428 921 4492 alia
934 4426 1082 4491 nobiliter
1093 4442 1309 4513 usurpaverat,

815 4539 870 4594 οἳ
