3575 5575
755 802 890 848 sonuum
906 799 1181 846 stnnsssnmusts
1309 781 1392 861 [nm.
1410 803 1448 847 n.

492 953 572 1018 nihil
588 951 665 1016 mihi
680 964 856 1038 appareret,
872 951 931 1014 nisi
947 973 1070 1034 ungues
1086 962 1142 1014 aut
1157 949 1270 1034 pelvis,
1287 963 1319 1014 et
1334 964 1447 1015 caetera

492 1078 568 1140 quae
590 1067 683 1118 antea
706 1075 865 1116 noveram.
926 1050 1054 1114 Exinde
1082 1072 1159 1135 ergo
1188 1049 1229 1113 ad
1260 1051 1445 1137 hujusmodi

491 1155 616 1221 inutilis
639 1155 804 1242 judicatus
825 1177 907 1229 sum,
927 1166 959 1216 et
988 1156 1080 1238 quasi
1110 1152 1166 1238 qui
1197 1152 1348 1238 sacrilega
1377 1155 1447 1218 haec

492 1257 691 1343 impedirem,
714 1279 754 1320 ne
778 1255 818 1319 ad
843 1254 920 1318 talia
944 1254 1123 1319 accederem
1151 1254 1391 1333 condemnatus,
1415 1268 1448 1320 et

493 1359 618 1444 quoties
649 1380 713 1421 rem
739 1358 819 1420 hanc
850 1377 995 1420 exercere
1023 1354 1237 1431 decreverant,
1267 1379 1329 1440 ego
1354 1357 1449 1443 quasi

496 1461 596 1525 totius
607 1459 812 1523 divinationis
823 1457 1087 1543 impedimentum
1098 1457 1237 1522 arcebar.
1262 1457 1400 1521 Sicmihi
1416 1457 1448 1520 in

495 1560 886 1647 eaaetatepropitiatusest
897 1558 1063 1622 Dominus.
1081 1559 1447 1644 Quumveropaululum

494 1666 725 1751 processissem,
734 1661 891 1744 flagitium
902 1660 962 1723 hoc
973 1660 1073 1743 magis
1085 1673 1117 1723 et
1128 1660 1230 1743 magis
1240 1660 1401 1736 exhorrui,
1417 1672 1449 1726 et

495 1791 534 1830 eo
558 1766 672 1830 t'ortius
698 1764 903 1827 confirmatus
925 1776 971 1826 est
994 1764 1104 1825 horror
1123 1785 1225 1839 meus,
1244 1762 1330 1846 quod
1348 1785 1448 1849 quum

495 1867 686 1954 specularios
712 1868 830 1928 multos
856 1876 933 1928 tunc
963 1864 1116 1939 noverim,
1142 1884 1251 1926 omnes
1276 1875 1448 1948 antequam

496 1967 677 2044 deficerent,
705 1976 761 2028 aut
791 1963 920 2028 defectu
951 1976 1084 2039 naturae,
1114 1977 1171 2028 aut
1202 1987 1297 2027 manu
1331 1964 1450 2042 hostili,

494 2067 649 2133 beneficio
671 2065 799 2130 luminis
820 2064 949 2128 orbatos
970 2063 1048 2139 vidi,
1064 2078 1101 2128 ut
1123 2076 1237 2130 caetera
1250 2063 1451 2128 incommoda

499 2183 631 2242 taceam,
648 2166 767 2252 quibus
782 2166 814 2228 in
831 2179 1004 2252 conspectu
1019 2189 1090 2229 meo
1105 2190 1124 2229 a
1140 2166 1291 2242 Domino,
1306 2178 1363 2229 aut
1378 2187 1454 2251 pro-

500 2268 602 2344 strati,
613 2279 667 2330 aut
683 2266 861 2351 perturbati
877 2280 963 2347 sunt,
978 2267 1119 2353 exceptis
1134 2266 1271 2346 duobus,
1285 2268 1450 2332 sacerdote

497 2363 656 2438 videlicet,
672 2384 767 2450 quem
783 2365 933 2449 praemisi,
944 2376 976 2428 et
991 2364 1123 2428 diacono
1138 2366 1290 2451 quodam,
1305 2367 1362 2452 qui
1378 2363 1449 2453 spe·

498 2463 689 2528 solariorum
701 2461 843 2526 videntes
853 2462 991 2548 plagam,
1002 2464 1196 2549 effugerunt,
1205 2465 1333 2530 altered
1344 2470 1455 2531 sinum

501 2563 682 2641 Oanonicae,
693 2565 774 2626 alter
788 2561 827 2625 ad
845 2576 972 2648 portum
985 2563 1107 2631 cellolas
1117 2565 1344 2642 cluniacensis,
1357 2567 1452 2631 sacris

500 2665 643 2730 restibus
667 2663 819 2747 insigniti.
872 2664 1011 2729 Eosdem
1039 2679 1143 2730 tamen
1171 2689 1238 2753 prae
1258 2669 1389 2732 caeteris
1414 2669 1451 2731 'ln

500 2765 799 2852 congregationibus
830 2765 894 2831 suis
919 2767 1053 2831 adversa
1081 2767 1220 2853 plurima
1248 2770 1453 2855 postmodum

500 2889 666 2952 perpessos
679 2865 920 2937 esse,'1nisertus
936 2889 1017 2932 sum.
1064 2869 1146 2931 Sanc
1161 2870 1186 2932 si
1208 2868 1249 2932 ad
1266 2870 1454 2956 impugnan-

501 2968 578 3031 dum
595 2967 681 3029 hunc
695 2986 843 3045 errorem,
858 2989 1030 3032 concursus
1049 2969 1220 3046 rationum,
1235 2982 1268 3034 et
1289 2971 1454 3036 catholicae

501 3067 611 3132 matris
626 3065 777 3131 Ecclesiae
792 3068 965 3132 auctoritas
980 3091 1041 3133 non
1064 3085 1259 3157 suppeteret,
1275 3072 1326 3136 vel
1348 3096 1454 3139 exem·

502 3169 556 3254 pla
577 3171 731 3231 malorum
747 3190 819 3231 eum
838 3168 996 3234 sufficiunt
1019 3171 1185 3258 extirpare.
1232 3172 1322 3237 Sicut
1345 3187 1452 3238 eutem
1561 3193 1564 3197 ·

504 3292 595 3332 nemo
609 3281 714 3353 potest
730 3268 839 3331 bibere
849 3268 977 3333 calicem
995 3272 1135 3347 Domini,
1148 3285 1179 3335 et
1192 3272 1319 3335 calicem
1335 3274 1456 3338 daemo-

502 3370 639 3444 niorum,
661 3382 717 3433 aut
741 3369 868 3435 duobus
889 3370 1026 3435 dominis
1049 3372 1177 3446 servire,
1199 3374 1269 3437 Deo
1292 3387 1323 3438 et
1348 3376 1454 3439 Mam·

505 3490 627 3541 munau
660 3468 703 3531 sic
718 3472 852 3553 gratiam
871 3472 944 3551 Dei,
957 3485 988 3535 et
1005 3471 1104 3559 hujus
1118 3472 1246 3539 malitiae
1262 3475 1458 3555 exercitium,

504 3570 612 3635 nullus
626 3570 815 3656 assequitur.
862 3573 924 3636 Sed
941 3596 1013 3638 ecce
1027 3597 1128 3661 quare
1143 3578 1299 3661 punctim,
1314 3590 1345 3642 et
1365 3582 1457 3663 quasi

505 3674 630 3749 subula,
647 3673 834 3737 sententiam
857 3697 1044 3761 prosequor,
1061 3676 1135 3740 fidei
1154 3691 1185 3741 et
1208 3701 1331 3743 morum
1354 3679 1457 3743 inimi-

502 3800 581 3855 cam,
597 3798 695 3862 quum
712 3797 780 3838 eam
792 3776 896 3839 caesim
910 3777 1052 3862 Spiritus
1063 3800 1224 3858 mucrone,
1233 3779 1348 3866 capulo
1360 3792 1456 3843 tenus

503 3879 757 3943 transverberare
790 3877 968 3941 sufficiam?
1011 3878 1158 3943 Feriatur
1187 3903 1264 3964 ergo
1296 3878 1392 3942 semel
1423 3879 1457 3941 in

504 3976 706 4051 manuforti,
730 3990 762 4042 et
788 3977 920 4041 brachio
940 3977 1037 4057 illius,
1061 3979 1116 4065 qui
1142 3978 1182 4043 ad
1209 3978 1457 4042 submersionem

505 4075 744 4159 AEgyptiorum,
765 4075 873 4141 divisit
897 4099 983 4141 mare
1005 4079 1138 4142 rubrum
1166 4079 1198 4140 in
1222 4077 1401 4155 divisiones,
1424 4072 1458 4141 et

506 4173 642 4239 secundo
657 4195 738 4258 opus
753 4196 815 4237 non
831 4177 902 4241 erit.
948 4183 1021 4243 Non
1047 4192 1094 4241 est
1110 4178 1193 4243 enim
1219 4179 1275 4263 qui
1296 4178 1337 4241 de
1361 4200 1457 4241 manu

507 4277 591 4342 illius
613 4276 714 4359 possit
734 4298 853 4340 eruere.
900 4279 1027 4345 Educat
1049 4300 1127 4364 ergo
1149 4279 1293 4363 gladium
1316 4283 1457 4367 Moyses,

505 4394 536 4443 et
553 4387 730 4462 prosternat
754 4373 928 4464 AEgyptias
952 4380 1212 4459 abominationes,
1227 4394 1260 4444 et
1282 4378 1458 4446 abscondat
