3575 5575
500 809 540 868 82
757 816 894 861 roannrs
911 809 1193 857 sanssnsnrnusrs
1319 783 1403 867 [crs.
1423 809 1460 852 ιι.

607 1056 685 1138 Cap.
707 1059 755 1118 15.
778 1053 831 1116 De
844 1052 1006 1134 speciebus
1019 1050 1228 1121 somniorum,
1242 1049 1361 1120 cauma,

733 1157 874 1238 siparis,
888 1160 919 1217 et
933 1150 1231 1237 aiqaifirotionr'bus.

551 1297 643 1358 Sunr
665 1305 772 1356 autem
795 1289 905 1354 multae
928 1287 1047 1373 species
1070 1284 1276 1363 somniorum,
1298 1295 1331 1346 et
1353 1283 1462 1347 multi-

508 1395 606 1482 plices
621 1417 737 1470 causae,
753 1406 784 1457 et
801 1392 898 1456 variae
912 1391 1039 1476 figurae,
1054 1402 1085 1452 et
1101 1384 1356 1471 significationes.
1391 1387 1463 1447 Aut

508 1498 590 1562 enim
612 1497 814 1572 insomnium,
835 1508 891 1558 aut
913 1493 1112 1580 phantasma,
1135 1501 1192 1553 aut
1214 1487 1382 1566 somnium,
1404 1500 1461 1551 aut

509 1597 686 1673 oraculum,
698 1608 753 1660 aut
765 1597 846 1659 visio
860 1609 920 1658 est.
960 1595 1062 1656 Porro
1075 1590 1232 1656 insomnia
1245 1612 1286 1653 ex
1301 1589 1465 1668 ebrietate,

509 1700 558 1763 vel
580 1698 722 1785 crapula,
745 1709 801 1760 aut
824 1696 921 1760 variis
944 1693 1144 1781 passionibus
1165 1692 1317 1778 corporis,
1333 1691 1463 1755 affectu-

510 1825 630 1889 umque
645 1798 850 1876 tumultibus,
866 1811 899 1862 et
915 1796 1056 1883 reliquiis
1070 1794 1301 1882 cogitationum
1317 1795 1465 1880 frequen-

510 1901 630 1967 tissime
645 1901 803 1965 oriuntur.
835 1897 932 1962 Unde
946 1912 978 1962 et
994 1899 1075 1962 male
1091 1897 1174 1962 sanis
1188 1896 1363 1962 amantium
1379 1919 1464 1961 men·

512 2004 601 2069 tibus
622 2001 777 2066 insomnia
804 2023 969 2086 nunquam
995 1999 1121 2065 desunt.
1172 2000 1266 2077 Quod
1290 1999 1464 2084 prudenter

513 2104 620 2169 innuit
635 2107 746 2169 Maro:

618 2230 698 2282 Anna
710 2246 780 2281 soror
792 2246 849 2298 quas
860 2245 903 2280 me
914 2245 1066 2299 umpensam
1077 2229 1206 2281 insomnia
1216 2230 1331 2281 terrent?

620 2315 707 2370 Multa
718 2317 765 2368 viri
777 2317 858 2369 virtus
870 2317 966 2380 animo,
979 2315 1126 2384 multusque
1138 2321 1254 2370 recursat

619 2402 712 2455 Gentis
723 2402 814 2466 honos,
823 2402 926 2454 haerent
937 2400 1014 2453 infixi
1024 2407 1129 2472 pectora
1139 2399 1235 2466 vultus,

620 2487 768 2556 Verbaque,
779 2504 827 2539 nec
838 2485 968 2558 placidam
978 2486 1103 2538 membris
1115 2485 1162 2538 dat
1173 2502 1235 2537 cura
1246 2484 1369 2554 quietern.

516 2597 598 2662 Haec
625 2619 752 2683 quoque
777 2593 955 2659 dolentium
978 2605 1035 2657 aut
1059 2592 1281 2679 gaudentium,
1307 2605 1363 2658 aut
1388 2617 1468 2680 quos

516 2698 638 2766 timoris
661 2710 756 2762 vexat
786 2695 947 2782 angustia,
976 2708 1033 2759 aut
1063 2695 1280 2761 immoderata
1307 2696 1468 2782 cupidinis

516 2804 611 2867 ardor
637 2799 793 2877 accendit,
820 2821 883 2862 non
913 2809 1107 2885 praetereunt
1133 2799 1318 2884 passionem.
1362 2798 1469 2865 Phan-

519 2918 633 2981 tasma,
645 2926 745 2988 quum
758 2925 864 2967 rerum
875 2903 996 2987 ignotae
1012 2901 1163 2967 videntur
1174 2902 1304 2986 species,
1314 2901 1469 2987 qualitate

517 3004 566 3068 vel
582 3004 773 3091 quantitate,
783 3017 837 3068 aut
850 3004 991 3090 partium
1007 3003 1103 3068 modo
1115 3003 1164 3067 vel
1180 3026 1342 3068 numeros
1353 3017 1469 3068 natura

518 3106 744 3192 discrepantes,
756 3119 792 3170 ut
804 3106 830 3169 si
845 3105 929 3169 forte
939 3108 1023 3170 “nec
1034 3129 1091 3192 pes
1105 3128 1162 3169 nec
1173 3119 1272 3192 caput
1285 3108 1339 3170 uni
1353 3106 1465 3171 redda-

519 3222 574 3272 tur
588 3208 730 3285 t'ormoe,'’
745 3207 822 3272 dum

1078 3314 1173 3362 tetrum

660 3394 764 3446 Desinit
776 3396 803 3447 in
814 3396 913 3466 piscem
924 3394 1017 3448 mulier
1028 3393 1140 3447 formosa
1151 3410 1269 3465 superne.

519 3507 590 3570 Har
605 3502 734 3589 quidem
752 3505 869 3591 species
883 3529 923 3569 ex
939 3504 1123 3569 infirmitate
1142 3504 1258 3569 mentis
1272 3518 1304 3569 et
1319 3507 1470 3593 corporis,

519 3606 652 3671 tradunt
676 3604 800 3693 physici
826 3612 1002 3695 provenire,
1027 3629 1200 3695 earumque
1228 3631 1339 3673 causas
1368 3611 1469 3693 magis

519 3708 703 3790 attendunt,
726 3732 822 3796 quam
847 3734 885 3775 ex
910 3714 955 3776 eis
980 3710 1104 3798 aliquas
1129 3710 1383 3798 significationes.
1430 3712 1469 3773 In

519 3837 586 3901 quo
606 3834 722 3898 genere
748 3825 780 3876 et
806 3812 989 3899 ephialtem,
1011 3837 1078 3900 quo
1100 3816 1173 3901 quis
1195 3814 1290 3881 variis
1318 3811 1471 3901 pressuris

521 3914 660 4000 quodam
672 3914 764 4000 quasi
780 3914 986 4000 intervigilio,
1000 3915 1056 3981 sed
1071 3939 1180 3981 somno
1196 3918 1304 4004 potius
1317 3914 1472 4002 inquieto,

521 4017 655 4101 opinans
670 4038 703 4078 se
722 4015 854 4100 vigilare
876 4039 978 4102 quum
994 4018 1142 4097 dormiat,
1157 4032 1294 4106 putatur
1308 4018 1349 4083 ab
1364 4016 1474 4102 aliquo

521 4114 648 4179 interim
690 4117 898 4201 praegravari,
935 4121 1229 4186 connumerandum
1266 4120 1472 4187 arbitrantur.

523 4220 606 4291 Qua
620 4213 750 4301 quidem
766 4218 872 4282 omnia
890 4218 1086 4284 medicorum
1101 4223 1210 4309 potius
1224 4224 1369 4310 indigent
1383 4242 1472 4296 cura,

522 4340 619 4406 quarn
631 4315 835 4382 ventilatione
846 4333 955 4385 nostra
962 4346 971 4400 3
994 4324 1166 4408 praesertim
1180 4349 1282 4413 quum
1294 4324 1373 4390 nihil
1384 4327 1417 4388 in
1429 4321 1474 4385 eis

521 4444 633 4488 verum
654 4432 818 4506 appareat,
834 4422 892 4485 nisi
916 4424 1002 4509 quod
1019 4424 1187 4491 verissimae
1212 4441 1285 4491 sunt
1307 4439 1340 4491 et
1360 4424 1473 4489 moles·
