3575 5575
66 176 69 227 ᾖ
137 208 180 339 Χ
195 179 333 306 Q*
361 176 812 327 Metabum)

754 427 769 477 ἕ

527 428 531 449 r
704 447 811 496 s

335 595 418 769 ,a
464 589 504 726 V
650 615 826 737 mr„
845 573 973 710 dala<
1013 568 1367 774 lew
1430 659 1517 725 „A
1539 601 1607 709 lu«

480 811 541 872 186
736 822 872 868 rosuurs
888 822 1163 870 sanuseaurnusrs
1237 797 1434 976 ἓ5ιι1·Β..ὶΒ.
1451 803 1641 958 W

479 975 794 1056 sibigerendaeraut,
804 975 1133 1040 sufficerearbitratus.
1149 976 1179 1038 E
1204 975 1436 1059 quidemetiam

476 1078 548 1160 ipsa
562 1077 668 1159 imago
689 1077 821 1153 virtutis,
843 1097 934 1141 suam
955 1078 1115 1161 quandam
1135 1079 1235 1142 babet
1256 1079 1432 1142 venustatis

475 1178 665 1262 decorisque
688 1179 875 1256 claritatem,
905 1188 941 1242 ut
963 1179 1117 1263 quicquid
1146 1180 1180 1242 in
1210 1201 1250 1242 ea
1280 1180 1431 1254 cernitur,

475 1279 546 1364 ejus
567 1280 682 1342 merito
712 1288 881 1342 venustum
910 1278 1056 1343 credatur
1085 1290 1118 1344 et
1146 1279 1309 1344 decorum.
1355 1281 1431 1342 Non

364 1459 366 1461 p
473 1391 582 1444 tamen
605 1399 835 1464 usquequaque
856 1379 1008 1442 decorum
1034 1389 1093 1453 est,
1117 1378 1240 1461 quod
1231 1400 1266 1441 rn
1287 1379 1430 1442 tenebris

476 1480 663 1564 ignoranttae
672 1483 874 1544 obscuratur
867 1480 1433 1593 Qec-potestquisquamderespere,

474 1583 537 1646 nisi
551 1582 584 1644 in
596 1581 662 1644 fide
676 1581 772 1665 iltius,
783 1602 837 1672 qur
828 1580 907 1641 'lux
921 1600 998 1642 vera
1011 1591 1069 1655 est,
1086 1589 1118 1642 et
1127 1579 1287 1642 illuminat
1303 1600 1430 1642 omnem

435 1723 462 2202 υ
475 1684 650 1760 hommem,
677 1682 860 1744 venientem
889 1681 923 1742 in
952 1661 1050 1743 bride
1052 1626 1435 1768 kmublld'fnwffqb'o

648 1749 1116 1794 ‘mm'

476 1759 685 1898 ffid
712 1779 774 1843 nisi
693 1779 1047 1879 WQei
1032 1780 1168 1879 notitia,
1179 1790 1212 1842 et
1170 1771 1442 1876 ΒΒΠΒΠΒΒΒ

476 1895 575 1946 vrrtus
589 1903 659 1945 esse
675 1903 739 1943 non
780 1882 867 1944 ossit.
912 1878 1009 1952 Quod
1024 1863 1091 1943 et
1072 1881 1151 1942 risio
1164 1879 1350 1943 Ezechielis
1364 1901 1431 1942 non

477 1902 894 2065 t'dc'rrilsqdr‘ebrubffquae
915 1979 1142 2064 praecedebant
1163 1991 1195 2043 et
1216 1981 1432 2064 sequebantur

478 2083 654 2160 Christum,
668 2081 804 2144 eandem
820 2081 1052 2144 consessionem
1069 2101 1139 2144 esse
1154 2079 1307 2143 asseruit:
1331 2079 1432 2144 Sanc-

476 2194 579 2249 torum
596 2185 717 2268 quippe
739 2182 852 2245 veteris
867 2191 900 2244 et
914 2181 991 2243 novi
1010 2180 1192 2245 testamenti
1208 2181 1241 2243 in
1262 2200 1301 2244 eo
1317 2179 1431 2243 distin·

478 2286 585 2368 guitur
598 2283 690 2361 fides,
711 2282 797 2367 quod
812 2283 866 2346 isti
879 2282 950 2367 jam
965 2282 1028 2345 sibi
1042 2282 1184 2364 gaudent
1198 2282 1341 2365 impleta,
1358 2303 1429 2365 quae

476 2387 525 2449 illi
540 2386 756 2470 expectabant
771 2394 804 2448 et
825 2382 1052 2448 desiderabant
1070 2383 1244 2468 implenda.
1289 2385 1338 2448 Sit
1353 2405 1430 2467 ergo

478 2486 668 2550 venerabilis
682 2485 789 2566 imago
805 2485 939 2562 virtutis,
954 2483 1031 2547 dum
1047 2485 1115 2548 sine
1132 2483 1196 2548 tide
1211 2493 1244 2548 et
1258 2483 1430 2548 dilectione

478 2588 658 2652 substantia
679 2585 805 2650 virtutis
828 2606 983 2649 essenon
1010 2586 1119 2669 possit.
1170 2587 1217 2649 Et
1239 2586 1359 2648 utinam
1381 2586 1432 2648 in·

477 2689 620 2753 veniatur
632 2688 667 2750 in
681 2687 785 2765 nobis,
801 2686 857 2770 qui
872 2687 924 2750 rel
939 2686 1063 2750 virtutis
1077 2687 1249 2770 imaginem
1263 2697 1378 2752 teneat.

617 2797 686 2859 Quis
697 2796 766 2848 enim
777 2795 900 2847 virtutem
912 2793 1075 2865 amplectitur
1086 2796 1192 2867 ipsam?

480 2896 561 2969 Quis
581 2894 678 2957 etiam
700 2892 830 2955 umbras
850 2891 1004 2954 virtutum
1026 2891 1132 2955 induit
1180 2892 1275 2957 uibus
1289 2892 1392 2957 videm
1362 2913 1433 2955 mus

478 2997 624 3059 floruisse
650 2992 951 3077 gentilQlicet
922 3014 971 3057 ers
996 2996 1158 3059 subtracto
1186 2995 1327 3080 chrito,
1349 3018 1431 3060 verae

476 3095 685 3160 beatitudinis
699 3114 765 3157 non
779 3064 1093 3177 apprffldnt
1065 3096 1226 3161 fructum?
1250 3098 1331 3170 Quis
1346 3098 1431 3161 The-

476 3198 631 3262 mistoclis
660 3196 873 3277 diligentiam,
900 3196 1070 3260 Frontonis
1101 3199 1299 3279 gravitatem,
1328 3199 1431 3262 conti·

475 3299 617 3362 nentium
633 3297 783 3374 Socratis,
795 3297 933 3360 Fabricii
949 3297 1057 3377 fidem,
1069 3298 1289 3363 innocentiam
1304 3301 1431 3377 Numa,

477 3399 666 3485 pudicitiam
678 3398 852 3481 Scipionis,
863 3400 1141 3481 longanimitatem
1157 3401 1286 3483 Ulyxis,
1298 3401 1431 3466 Catonis

476 3502 677 3586 parcitatem,
699 3499 763 3562 Titi
788 3497 950 3583 pietatem,
965 3500 1129 3566 imitaturi
1167 3503 1248 3574 Quis
1270 3526 1335 3567 non
1357 3524 1431 3566 cum

475 3601 684 3666 admiratione
701 3600 888 3663 veneratur?

617 3706 738 3760 Probitas
750 3705 878 3775 siquidem
889 3705 1020 3773 laudatur,
1033 3712 1059 3760 et
1071 3707 1152 3779 alget.

476 3804 574 3867 Porro
585 3802 743 3887 praedicti,
759 3812 791 3865 et
806 3802 990 3865 consimiles
1004 3804 1113 3885 magni
1128 3803 1259 3887 quidem
1274 3813 1306 3869 et
1319 3802 1430 3867 lauda-

477 3905 559 3966 biles
581 3905 649 3983 viri,
672 3902 765 3987 quasi
792 3902 941 3986 quaedam
964 3905 1146 3968 seculorum
1172 3926 1301 3967 suorum
1326 3903 1432 3967 sidera

477 4002 718 4086 splenduerunt,
747 4005 940 4069 illustrantes
976 4014 1120 4088 tempora
1150 4025 1216 4083 sua,
1244 4004 1432 4089 praeambuli

478 4112 709 4165 coaetaneorum
725 4124 853 4167 suorum
873 4105 909 4169 in
930 4104 963 4168 id
978 4104 1114 4189 justitiae
1129 4114 1161 4168 et
1176 4104 1325 4183 veritatis,
1341 4103 1429 4188 quod

478 4202 688 4287 dispositione
704 4201 812 4266 divina
825 4204 976 4269 illuxerat
991 4206 1048 4270 eis,
1093 4205 1148 4270 Sic
1166 4227 1295 4290 quoque
1309 4206 1344 4269 in
1359 4226 1432 4269 suc·

480 4304 679 4370 cessionibus
702 4305 815 4387 populi
838 4304 956 4386 fidelis,
976 4329 1139 4391 nunquam
1162 4308 1305 4372 humano
1326 4306 1434 4391 generi
1494 4334 1497 4341 ¹

480 4408 522 4471 ad
536 4405 642 4470 noctis
658 4426 723 4469 suae
738 4406 896 4485 tenebras,
912 4408 1130 4491 caecitatisque
1146 4409 1310 4473 molestias
1326 4408 1433 4492 depel-
