3575 5575
488 290 718 468 addite
734 325 1049 452 ma.
1111 275 1365 500 llefliy-
1386 295 1530 464 da,

690 487 1106 658 limata
1158 513 1722 726 waplam<

343 825 413 871 our.
430 807 493 886 nc]
692 825 948 908 rourcmrrcus.
1194 859 1197 864 Α
1238 813 1298 873 187

343 977 465 1056 lendas,
484 997 544 1040 sua
562 974 667 1041 sidera
686 977 865 1057 defuerunt,
880 979 939 1041 viri
960 976 1088 1060 quidem
1112 977 1234 1042 virtutis
1252 965 1296 1042 'ti-

279 1134 282 1138 .
341 1080 409 1141 tulo
429 1079 564 1154 nobiles,
585 1100 839 1164 magnorumque
861 1100 993 1164 operum
1016 1079 1176 1160 fulgentes
1197 1080 1296 1164 insig-

340 1181 447 1259 nibus,
469 1202 603 1264 quorum
626 1183 785 1265 exemplis
806 1182 848 1246 ad
871 1183 993 1246 cultum
1010 1181 1146 1265 justitiae
1169 1203 1296 1267 semper

340 1281 393 1345 alii
418 1282 645 1365 provehantur.
689 1285 806 1347 Nonne
833 1285 917 1347 Abel
937 1283 1151 1346 innocentiam
1174 1283 1295 1361 docuit,

339 1384 457 1446 Enoch
478 1384 668 1448 munditiam
689 1383 846 1449 actionis?
882 1383 969 1458 Quid
989 1384 1029 1447 de
1049 1384 1292 1466 longanimitate

339 1484 411 1566 spei
432 1495 465 1548 et
484 1486 590 1567 operis
608 1507 675 1554 non
694 1485 809 1550 habuit
828 1485 923 1550 Noe?
948 1485 1026 1568 quid
1049 1485 1090 1548 de
1110 1485 1292 1552 obedientia

337 1584 476 1647 fideliter
503 1584 669 1668 implenda
698 1585 798 1650 deluit
824 1584 986 1649 Abrahae?
1025 1587 1117 1648 Isaac
1149 1587 1293 1669 conjugii
1380 1641 1383 1646 .

338 1673 560 1748 castimoniam
586 1686 723 1764 instruit,
746 1695 779 1750 et
806 1688 912 1751 Jacob
940 1687 1061 1750 laboris
1090 1687 1290 1750 tolerantiam

336 1773 486 1848 ostendit.
530 1788 552 1850 J
554 1786 651 1870 oseph
667 1788 841 1872 parricidas
856 1789 967 1852 fratres
990 1788 1067 1851 boni
1082 1788 1289 1853 retributione

335 1897 524 1964 remunerat,
539 1909 642 1971 eoque
657 1888 752 1952 docet
767 1911 786 1952 a
799 1890 894 1953 bonis
908 1892 994 1953 bona
1008 1911 1066 1972 pro
1082 1889 1173 1953 malis
1188 1891 1287 1953 tribu·

334 1984 429 2048 enda.
459 1986 499 2048 ln
514 1987 621 2049 multis
635 1987 777 2051 millibus
792 1988 961 2066 increduli,
972 1988 1118 2065 indurati,
1133 1996 1166 2051 et
1180 1989 1286 2052 Deum

332 2105 458 2169 semper
468 2088 691 2152 exacerbantis
702 2089 826 2173 populi,
836 2089 947 2172 Moysi
955 2089 1166 2154 mansuetudo
1178 2100 1286 2154 osten·

332 2185 427 2262 ditur,
452 2197 483 2251 et
508 2189 748 2254 imminentibus
778 2190 931 2269 adversis,
956 2190 1149 2255 confidentis
1172 2191 1284 2254 Josuae

329 2288 575 2368 magnanimitas
593 2288 780 2352 declaratur.
823 2291 888 2353 Job
908 2290 1072 2372 patientie
1091 2290 1205 2353 indicit
1225 2311 1283 2355 ex-

329 2389 481 2471 emplum.
526 2390 572 2452 Et
591 2391 808 2473 praeambulus
821 2391 932 2473 gratiae
953 2392 1101 2474 Baptista
1116 2391 1282 2456 salvatoris

329 2488 406 2551 dum
427 2491 652 2572 poenitentiam
673 2491 840 2574 praedicat,
863 2501 896 2555 et
917 2492 1002 2555 vitiis
1023 2491 1139 2556 indicit
1159 2492 1280 2572 fugam,

328 2591 562 2654 consessionem
582 2592 664 2655 eruit
678 2594 827 2671 veritatis,
842 2602 874 2656 et
895 2591 937 2654 ad
958 2593 1210 2676 increpationem
1229 2593 1277 2654 in-

322 2689 428 2772 juriae,
436 2701 468 2755 et
477 2691 974 2776 condemnationeminiquitatiS,
983 2693 1124 2755 omnium
1135 2691 1280 2755 fidelium

325 2792 453 2872 linguas
468 2793 609 2855 exacuit.
653 2792 739 2864 Quid
759 2794 926 2876 utriusque
948 2793 1131 2855 testamenti
1145 2793 1278 2857 reseram

323 2902 443 2976 patres,
464 2914 599 2977 quorum
624 2896 774 2977 exempla
795 2905 870 2958 sunt
891 2893 1063 2979 disciplina
1089 2915 1222 2973 momm,
1245 2906 1278 2959 et

324 2993 499 3056 rectissima
513 2993 660 3071 instituta
673 2992 824 3076 vivendi?
852 2995 901 3057 Hi
916 2986 1048 3077 quidem
1063 2994 1186 3057 suntin
1202 3016 1277 3080 sep-

323 3104 388 3156 tem
409 3095 550 3158 millibus
565 3096 712 3171 viromm,
730 3117 811 3181 quos
833 3097 894 3160 sibi
917 3096 1078 3159 Dominus
1092 3082 1274 3173 reservavit,

321 3203 435 3258 utnon
452 3205 618 3259 curvarent
632 3217 738 3278 genua
752 3216 811 3260 sua
825 3207 899 3260 aute
914 3197 1007 3273 Baal,
1021 3206 1075 3259 aut
1090 3194 1272 3280 cuicunque

319 3297 449 3360 vanitati
471 3298 663 3382 prostituant
685 3297 811 3360 animas
835 3297 1001 3381 pretiosas.
1046 3295 1092 3358 Hi
1118 3303 1193 3359 sunt
1214 3297 1272 3379 qui

317 3398 402 3462 inter
415 3396 593 3463 insensatos
608 3398 765 3462 habentur
786 3398 902 3473 insani,
917 3397 995 3481 quia
1009 3397 1121 3461 alienae
1138 3397 1270 3462 insanias

317 3499 432 3561 nolunt
445 3521 515 3563 esse
530 3500 710 3583 participes.
746 3501 792 3563 Et
803 3500 899 3563 finem
911 3499 981 3563 sine
996 3501 1118 3564 bonore
1128 3499 1269 3563 habituri

316 3599 497 3673 creduntur,
509 3600 585 3682 quia
596 3600 782 3681 dignitatem
797 3612 929 3678 naturae,
941 3600 1095 3664 mundani
1105 3600 1269 3664 histrionis

315 3700 430 3764 habitu
447 3699 590 3783 polluere
613 3700 839 3782 dedignantur.
885 3702 933 3764 Hi
957 3711 1031 3764 sunt
1049 3702 1130 3764 forte
1150 3702 1206 3782 qui
1227 3700 1268 3763 de

314 3799 380 3865 alto
404 3800 555 3864 virtutum
582 3800 722 3890 culmine
752 3801 909 3864 theatrum
933 3801 1061 3889 mundi
1076 3800 1267 3883 despiciunt,

313 3902 488 3986 ludumque
502 3902 638 3966 fortunae
653 3910 907 3978 contemnentes,
922 3899 1018 3962 nullis
1034 3899 1193 3963 illecebris
1207 3900 1265 3963 im-

313 4005 474 4088 pelluntur
487 4004 529 4067 ad
545 4004 712 4081 vanitates,
727 4011 760 4065 et
773 4001 913 4066 insanias
932 4000 1037 4063 salsas.
1083 4000 1131 4063 Hi
1144 4000 1215 4083 jam
1229 4000 1264 4065 in

312 4105 378 4169 suis
396 4104 535 4187 gaudent
555 4106 597 4168 El
621 4105 689 4182 siis,
708 4102 749 4167 ad
770 4104 938 4166 utilitatem
960 4123 1049 4165 suam
1065 4100 1173 4165 vident
1191 4102 1262 4185 plu·

310 4129 718 4278 rlffaeffleafibnnia
733 4202 801 4265 visa
814 4210 1007 4285 retorquent
1054 4199 1161 4276 Quum
1177 4201 1262 4265 enim

311 4304 414 4367 fidelis
430 4305 536 4368 anima
556 4304 597 4367 de
617 4314 700 4366 terra
719 4303 888 4379 exaltatur,
905 4311 980 4366 tunc
1004 4301 1133 4364 demum
1153 4302 1261 4366 omnia

309 4406 404 4470 trahit
417 4404 459 4469 ad
473 4404 622 4487 seipsam.
661 4406 873 4486 Speculantur
884 4403 939 4467 isti
950 4400 1152 4466 Comoediam
1169 4423 1259 4465 mun·
