3575 5575
493 807 556 867 138
751 819 887 864 scaurus
903 819 1182 865 saaasnnamusrs
1305 805 1387 880 [nm.
1406 822 1444 868 11.

493 971 553 1034 hoc
575 969 745 1035 mandante
766 969 907 1035 Domino
925 969 1069 1036 demoliti
1089 984 1173 1047 sunt,
1189 984 1220 1037 et
1243 995 1346 1058 quum
1361 973 1443 1038 nulli

492 1072 610 1136 ducum
636 1071 697 1136 nisi
722 1072 763 1136 de
785 1094 879 1136 manu
905 1071 1034 1136 Domini
1054 1073 1254 1137 exercituum
1277 1075 1442 1157 contingat

493 1173 636 1253 victoria,
647 1174 768 1239 auctori
778 1175 936 1240 bonorum
947 1195 1009 1237 non
1021 1174 1160 1238 referens
1167 1174 1313 1259 gloriam,
1322 1176 1445 1240 viribus

492 1275 560 1342 suis
579 1275 707 1339 insacia
730 1275 841 1361 populi
864 1275 905 1340 de
926 1275 1042 1340 collato
1064 1299 1194 1341 munere
1215 1276 1443 1363 applaudebat.

495 1377 546 1442 Sic
567 1379 651 1441 enim
667 1376 818 1462 scriptum
842 1389 908 1441 est:
936 1378 1072 1442 Factum
1092 1390 1139 1443 est
1156 1378 1289 1442 verbum
1314 1377 1445 1443 Domini

493 1480 533 1544 ad
556 1477 753 1544 Samuelem:
777 1477 917 1544 Poeuitet
939 1501 990 1542 me
1011 1477 1098 1564 quod
1121 1480 1342 1544 constituerim
1366 1480 1444 1543 Saul

492 1602 611 1664 regem,
631 1578 708 1664 quia
730 1577 901 1666 dereliquit
921 1602 983 1656 me,
1004 1593 1035 1644 et
1051 1581 1150 1644 verba
1172 1601 1242 1642 mea
1264 1602 1360 1666 opere
1380 1601 1444 1643 nou

375 1717 378 1722 ·
492 1682 646 1768 implevit.
692 1681 909 1746 contristatus
934 1693 981 1745 est
1009 1682 1147 1757 Samuel,
1173 1694 1205 1746 et
1228 1681 1376 1746 clamavit
1403 1681 1445 1747 ad

495 1783 668 1850 Dominum
685 1796 754 1848 tuta
767 1794 869 1846 nocte.
904 1785 1078 1869 Quumque
1094 1784 1134 1847 de
1148 1794 1241 1847 nocte
1256 1781 1445 1848 surrexisset

493 1900 530 1952 ut
541 1888 601 1951 iret
616 1888 656 1950 ad
674 1885 812 1964 Saulem,
826 1906 917 1948 mane
927 1885 1113 1950 nunciatum
1128 1897 1176 1949 est
1193 1883 1344 1960 Samueli,
1355 1884 1445 1970 quod

494 1988 630 2052 venisset
646 1987 723 2054 Saul
742 1987 774 2050 in
796 1987 991 2066 Carmelum,
1005 2000 1037 2052 et
1053 1991 1204 2054 erexisset
1219 1986 1279 2051 sibi
1293 1986 1446 2051 fornicem

495 2088 732 2173 triumphalem,
755 2098 786 2151 et
808 2109 955 2151 reversus
974 2087 1099 2169 luisset,
1113 2087 1391 2173 descendissetque
1413 2087 1445 2151 in

496 2189 641 2276 Galgala.
687 2189 812 2252 Deinde
833 2189 875 2253 ad
898 2189 1130 2276 increpationes
1155 2189 1310 2254 Samuelis
1326 2187 1444 2253 crimen

493 2292 717 2359 inobedientia
732 2292 793 2356 sub
808 2304 970 2378 praetextu
982 2291 1143 2376 religionis
1157 2292 1270 2357 maluit
1284 2314 1447 2368 excusare,

494 2417 590 2483 quam
612 2394 717 2458 delere
738 2416 796 2480 per
818 2393 1058 2479 poenitentiam
1084 2417 1159 2481 quoe
1177 2394 1317 2460 secunda
1337 2393 1448 2458 tabula

493 2509 567 2583 post
597 2493 799 2579 naufragium
827 2494 939 2558 relicta
962 2506 1009 2558 est
1034 2494 1203 2581 peccatori.
1253 2496 1313 2558 Ait
1342 2494 1445 2558 enim:

497 2600 569 2663 lmo
591 2596 701 2662 audivi
724 2618 833 2660 vocent
857 2595 1000 2673 Domini,
1022 2609 1054 2661 et
1076 2595 1238 2661 ambulavi
1259 2596 1292 2659 in
1314 2595 1366 2660 uia
1388 2618 1448 2681 per

494 2721 591 2784 quam
619 2697 703 2764 misit
729 2721 779 2763 me
807 2698 978 2773 Dominus,
1003 2710 1036 2764 et
1065 2698 1190 2764 adduxi
1217 2703 1311 2784 Agag
1338 2720 1445 2783 regem

494 2800 661 2876 Amalech,
672 2812 705 2865 et
722 2799 875 2865 Amalech
892 2799 1048 2865 interfeci.
1077 2800 1167 2866 Tulit
1184 2815 1291 2865 autem
1307 2800 1448 2888 populus

493 2901 535 2964 de
553 2901 665 2985 praeda
685 2924 762 2965 oves
782 2914 815 2965 et
837 2901 936 2965 boves
959 2902 1249 2987 primitiaseorum
1271 2925 1345 2990 quae
1367 2924 1449 2967 caesa

495 3013 581 3082 strnt,
596 3014 633 3065 ut
648 3001 789 3066 immolet
806 3002 944 3066 Domino
960 3006 1030 3067 Deo
1044 3026 1103 3068 suo
1118 3004 1151 3068 in
1166 3004 1323 3089 Galgalis.
1361 3008 1447 3069 Ecce

495 3104 656 3188 quomodo
678 3126 710 3169 se
731 3103 836 3189 ipsum
860 3117 1003 3183 excusat,
1026 3117 1058 3170 et
1080 3106 1238 3194 quicquid
1262 3107 1366 3192 culpae
1389 3120 1449 3186 eat,

495 3216 551 3270 aut
575 3217 740 3285 extenuat,
765 3218 822 3270 aut
848 3204 990 3271 refundit
1011 3207 1044 3270 in
1072 3207 1240 3293 populum.
1288 3208 1347 3272 Ait
1370 3230 1448 3294 ergo

497 3306 639 3373 Samuel:
653 3308 684 3370 N
688 3306 888 3393 unquidvult
896 3307 1054 3373 Dominus
1063 3308 1245 3375 holocausta
1252 3322 1283 3373 et
1291 3308 1447 3386 victimas,

495 3422 528 3475 et
542 3430 604 3472 non
620 3408 727 3494 potius
750 3422 786 3473 ut
801 3410 973 3475 obediatur
988 3410 1058 3475 voci
1074 3410 1228 3476 Domini?
1266 3411 1384 3475 Melior
1399 3424 1447 3474 cst

495 3511 578 3573 enim
593 3508 775 3573 obedientia
796 3532 893 3595 quam
909 3510 1065 3591 victimae;
1088 3524 1120 3575 et
1135 3510 1316 3576 auscultare
1338 3509 1448 3595 magis,

495 3634 591 3699 quam
607 3611 721 3675 offerre
743 3610 868 3695 adipem
886 3613 1033 3679 arietum.
1078 3612 1237 3692 Quoniam
1260 3617 1352 3702 quasi
1374 3634 1447 3699 pee-

495 3726 601 3781 catum
617 3712 772 3779 ariolandi
787 3727 834 3779 est
858 3738 1048 3801 repugnare,
1062 3728 1095 3779 et
1110 3716 1202 3800 quasi
1221 3716 1324 3779 scelus
1340 3713 1450 3777 Idolo-

495 3818 598 3885 latrioe
612 3818 696 3883 nolle
715 3818 925 3903 acquiescere.
970 3820 1035 3882 Pro
1057 3817 1201 3905 eoquod
1220 3816 1362 3905 abjecisti
1383 3838 1449 3880 ser·

497 3920 621 3983 monem
638 3919 770 3985 Domini
790 3919 906 4007 abjecit
927 3932 960 3983 te
975 3921 1134 3984 Dominus
1147 3943 1188 3983 ue
1203 3920 1244 3984 sia
1264 3940 1331 3983 rex.
1375 3918 1451 4003 Ego

496 4020 626 4106 quidem
657 4020 800 4085 similiter
829 4022 968 4086 arbitror
991 4023 1117 4086 evenire
1141 4022 1301 4098 omnibus,
1327 4019 1384 4105 qui
1414 4020 1448 4084 in

496 4120 865 4186 sublimitateconstituti
875 4122 995 4187 abeunt
1004 4136 1076 4208 post
1085 4120 1355 4206 concupiscentias
1364 4144 1450 4200 suas,

496 4237 529 4289 et
555 4220 766 4309 principatum
791 4246 828 4287 ac
858 4224 1034 4289 dominium
1065 4223 1263 4301 simulantes,
1291 4235 1450 4288 tumorem

496 4348 589 4392 suum
605 4337 752 4389 exercent
768 4323 799 4389 in
815 4325 972 4408 subditos,
987 4339 1191 4414 coaequautea
1206 4325 1300 4391 libito
1315 4325 1450 4401 licitum,

497 4452 533 4495 ac
549 4429 574 4493 si
591 4426 673 4499 colla
688 4450 797 4491 eorum
810 4428 892 4517 jugo
905 4428 1025 4493 divinae
1040 4430 1120 4515 leffl's
1134 4429 1279 4514 subjecta
1294 4450 1357 4492 non
1374 4427 1452 4502 sint,
