3575 5575
329 769 399 814 car.
414 750 477 828 xa]
677 767 930 814 ronrcmrrous.
1217 755 1280 814 309

325 917 468 1004 judicem
483 928 609 1004 oportet
624 940 690 981 esse
705 918 986 1004 religiosissimum,
1002 920 1100 1004 etqui
1116 941 1208 983 omne
1222 919 1282 984 ini-

329 1044 428 1105 quum
443 1031 543 1086 morte
566 1023 637 1106 ipsa
657 1022 762 1104 magis
782 1022 893 1087 oderit.
938 1023 1022 1096 Quia
1037 1044 1112 1106 ergo
1126 1024 1280 1106 praesides

327 1122 519 1186 ordinariam
540 1124 660 1187 habcnt
679 1124 948 1208 jurisdictionem,
973 1127 1022 1188 vel
1044 1125 1280 1210 jurisdicendi

327 1235 526 1308 potestatem,
542 1223 685 1308 ipsorum
699 1238 732 1290 et
741 1227 891 1312 judicum
907 1227 1041 1290 aliorum
1057 1248 1122 1290 una
1143 1235 1192 1290 est
1206 1249 1280 1310 spe·

327 1327 458 1404 eulalio,
472 1335 504 1389 et
519 1325 606 1410 quod
620 1328 662 1390 de
676 1328 728 1390 his
743 1326 869 1405 dicitur,
884 1327 980 1392 facile
996 1328 1038 1392 ad·
1052 1329 1187 1392 aliorum
1202 1351 1279 1393 con·

327 1428 528 1510 sequentiam
553 1429 694 1492 trahitur.
741 1431 803 1491 Est
827 1430 936 1512 itaque
959 1431 1097 1512 primum
1123 1429 1209 1514 quod
1236 1453 1279 1495 cx

327 1527 520 1591 necessitate
551 1528 649 1591 officii
677 1530 819 1613 utrisque
848 1528 1010 1606 indicitur,
1033 1529 1221 1612 ut-justitiae
1244 1532 1280 1594 in

328 1629 479 1692 omnibus
492 1640 649 1712 pareatur,
664 1641 696 1694 et
715 1631 794 1693 nihil
810 1651 920 1694 eorum
941 1651 1012 1713 quac
1036 1631 1181 1694 facienda
1196 1641 1281 1710 sunt,

328 1727 449 1793 fiatad
474 1730 623 1811 pretium.
669 1731 755 1794 Nam
778 1729 867 1814 quod
896 1730 1051 1815 injustum
1081 1741 1140 1804 est,
1164 1753 1280 1815 usque·

329 1853 456 1916 quaque
481 1853 548 1894 non
574 1833 662 1911 licet,
687 1844 723 1895 ut
747 1854 807 1896 nec
837 1853 896 1915 pro
926 1832 1091 1914 temporali
1122 1832 1187 1896 vita
1211 1832 1281 1896 fieri

327 1934 434 1998 liccat.
480 1933 576 2004 Quod
598 1956 672 1997 vero
692 1935 816 2018 justum
838 1943 898 2009 est,
920 1932 1077 1996 mercedis
1102 1935 1281 1999 interventu

328 2057 393 2100 non
413 2034 547 2119 indiget,
563 2058 659 2121 quum
670 2058 730 2120 per
743 2059 776 2100 se
788 2035 858 2098 fieri
877 2034 1004 2114 debeat,
1019 2045 1051 2099 et
1069 2036 1218 2120 iniquum
1238 2039 1280 2100 sit

328 2136 465 2201 vendere
485 2139 574 2222 quod
595 2137 738 2201 debetur.
782 2136 945 2200 Justitiam
966 2157 1042 2218 ergo
1063 2137 1199 2202 vendere
1219 2138 1280 2202 ini·

328 2237 433 2323 quitas
455 2248 523 2316 est3
550 2231 750 2323 injustitiam,
770 2241 881 2324 iniqua
902 2240 1038 2302 insania.
1077 2240 1160 2302 Haec
1184 2241 1282 2324 siqui-

328 2338 403 2401 dem
425 2338 544 2422 ubique
563 2339 734 2423 reprobata
751 2349 810 2414 est,
831 2349 867 2402 ut
888 2358 1048 2421 nusquam
1062 2359 1132 2401 esse
1154 2339 1282 2416 debeat,

328 2442 385 2504 illa
413 2441 534 2522 ubique
563 2440 672 2504 debita
697 2450 757 2515 est,
781 2450 818 2503 ut
846 2441 927 2504 sine-
948 2442 1068 2504 scelere
1093 2441 1190 2504 vendi
1214 2463 1281 2506 non

329 2545 441 2625 possit.
487 2545 603 2627 Neque
629 2543 713 2606 enim
741 2544 874 2606 Balaam
895 2565 937 2607 ex
960 2563 999 2607 eo
1018 2544 1176 2626 culpatur,
1195 2545 1282 2627 quod

327 2646 441 2730 populi
456 2645 521 2709 Dei
547 2666 676 2708 causam
706 2644 976 2721 condemnaverit,
1002 2644 1128 2707 aliudve
1153 2644 1283 2725 dixerit,

328 2768 423 2832 quam
447 2745 536 2831 quod
560 2745 720 2808 Dominus
747 2745 935 2829 inspirabat,
959 2744 1015 2808 sed
1047 2745 1123 2829 quia
1151 2747 1282 2811 avaritia

329 2858 513 2913 excaecatus
527 2856 586 2923 cst,
600 2845 777 2909 infidelium
794 2867 924 2910 causam
940 2846 1101 2910 instruens
1117 2849 1280 2931 quomodo

329 2950 371 3014 ad
395 2947 633 3033 provocandum
657 2948 737 3010 iram
763 2947 828 3011 Dei
854 2947 1055 3030 delinqueret
1079 2949 1190 3023 Israel,
1214 2949 1283 3013 dic·

329 3060 417 3113 tante
443 3049 566 3112 malitia
590 3047 780 3130 procuravit.
828 3047 998 3118 Quaerebat
1022 3068 1096 3129 ergo
1120 3034 1281 3132 quomodo

324 3150 410 3234 juste
428 3150 617 3236 justificaret
636 3168 767 3213 causam
790 3149 893 3231 impii,
910 3159 942 3212 et
965 3149 1057 3231 quasi
1078 3149 1172 3212 illuso
1195 3150 1280 3227 Deo,

328 3252 461 3333 gratiam
475 3251 544 3335 ejus
559 3249 757 3314 subtraheret
770 3250 891 3313 electis.
937 3252 1004 3312 Aut
1023 3250 1050 3313 si
1066 3249 1196 3314 adversa
1208 3250 1279 3334 jus·

217 3351 221 3359 '
327 3354 444 3418 tificari
458 3375 525 3417 non
538 3365 647 3437 posset
667 3372 775 3430 causa,
788 3352 851 3415 hoc
868 3354 981 3415 saltem
997 3353 1124 3433 agebat,
1141 3363 1177 3417 ut
1191 3364 1223 3417 et
1237 3356 1278 3418 ab

328 3454 391 3517 ista
406 3452 572 3518 recederet
593 3454 692 3516 Deus.
739 3452 1040 3535 compugnantibus
1059 3473 1200 3537 namque
1218 3454 1280 3517 ini·

329 3555 411 3639 quis,
433 3554 561 3617 vincere
584 3552 633 3635 (ut
654 3553 782 3633 dicitur)
806 3555 984 3631 cousuevit,
1007 3553 1063 3635 qui
1085 3555 1206 3617 viribus
1227 3577 1279 3619 su·

328 3655 435 3739 perior
464 3663 521 3717 cst.
575 3652 772 3715 Balaamitas
799 3651 910 3715 videas
934 3651 1099 3734 plurimos,
1125 3655 1180 3736 qui
1204 3654 1282 3719 licet

327 3758 473 3841 iniquam
486 3754 592 3817 nolint
609 3755 689 3816 ferre
706 3753 907 3825 sententiam,
923 3753 1064 3835 corrupti
1084 3762 1190 3817 tamen
1210 3777 1281 3819 mu·

327 3859 471 3934 neribus,
479 3842 638 3941 justitiam
654 3854 752 3936 partis
770 3854 875 3927 unius,
890 3853 925 3915 in
941 3855 1070 3915 alteram
1086 3856 1198 3937 quavis
1211 3869 1280 3922 arte

328 3960 497 4024 transferre
513 3957 693 4020 moliuntur.
740 3956 816 4017 Non
838 3954 932 4031 facile
954 3953 1092 4017 dixerim
1114 3962 1217 4020 utrum
1239 3960 1280 4024 sit

276 4088 278 4093 ·
327 4059 476 4144 nequius,
493 4059 572 4121 licet
589 4055 735 4119 venditor
757 4054 928 4137 aquitana,
949 4054 1105 4118 malitiam
1126 4056 1201 4120 suco
1222 4060 1279 4124 sal-

327 4159 440 4222 laciori
468 4158 598 4220 coloret.
649 4156 759 4219 Potest
787 4165 895 4219 tamen
924 4154 1024 4218 videri
1051 4157 1195 4237 nequior,
1224 4160 1280 4241 qui

330 4257 428 4322 officii
443 4258 491 4319 sui
508 4257 688 4339 principem
708 4268 741 4320 et
758 4257 912 4339 reginam,
933 4256 986 4319 cui
1005 4254 1087 4319 fides
1102 4257 1282 4335 famulatur,

327 4356 422 4442 qnasi
437 4376 573 4421 mercem
597 4355 631 4417 in
647 4356 715 4419 loro
737 4355 894 4427 distrahit,
911 4377 948 4419 ac
968 4356 994 4417 si
1011 4358 1117 4417 serius
1140 4354 1280 4420 infidelis
