3575 5575
474 758 536 818 tat
744 770 880 817 Joaunts
899 771 1178 817 sanasanarausrs
1290 753 1372 834 [nra.
1389 776 1426 821 11.

475 936 577 998 erant,
601 919 718 987 mutari
739 942 801 984 nou
822 919 996 1008 poterant?
1019 923 1100 986 Haec
1120 943 1250 1008 quoque
1270 925 1429 991 sententio

475 1041 534 1087 neo
548 1024 712 1108 gentilium
729 1023 936 1109 philosophos
951 1023 1056 1101 latuit,
1071 1023 1127 1110 qui
1147 1024 1291 1090 fatorum
1315 1025 1425 1090 seriem

476 1125 589 1189 dieunt
610 1125 815 1204 immobilem,
836 1147 899 1188 non
922 1129 998 1210 quia
1021 1126 1140 1189 moveri
1156 1146 1219 1189 non
1238 1127 1349 1212 possit,
1371 1128 1427 1192 sed

477 1227 554 1312 quia
575 1227 691 1291 moveri
710 1227 839 1291 omnino
860 1249 923 1290 non
944 1228 1110 1313 contingit.
1156 1229 1243 1293 Hinc
1260 1242 1308 1294 est
1322 1228 1424 1293 illud:

679 1337 761 1390 Exire
772 1354 789 1388 a
799 1336 891 1388 mediis
903 1337 987 1407 potnit
999 1335 1136 1388 Pharsalia
1145 1334 1216 1390 satis.

476 1433 624 1517 Itemque
637 1431 810 1518 poeticum,
820 1452 885 1516 quo
897 1453 991 1494 senex
1007 1431 1211 1496 Carootensis
1225 1433 1259 1496 in
1270 1433 1427 1518 angustiis

474 1533 612 1596 fortunas
627 1532 827 1618 frequentius
842 1531 1006 1609 utebatur,

678 1641 746 1693 Fata
758 1641 827 1693 riam
838 1641 980 1707 invenient,
999 1643 1046 1697 &a

476 1740 556 1816 Quae
571 1759 645 1800 vero
660 1736 766 1823 elapsa
781 1749 865 1814 sunt,
879 1750 912 1801 et
928 1736 1068 1801 meando
1082 1735 1298 1824 dispositionis
1310 1739 1425 1805 effectu

475 1838 643 1923 completa,
657 1836 845 1902 naturaliter
859 1837 991 1922 quidem
1007 1861 1069 1901 non
1085 1851 1218 1924 possunt
1232 1862 1295 1904 uon
1309 1840 1426 1916 suisse3

475 1929 548 2002 licet
571 1937 648 2003 nihil
671 1959 807 2001 asserere
828 1937 860 2000 in
881 1936 1037 2002 alterutro
1056 1937 1192 2002 audeam
1213 1940 1247 2003 in
1277 1940 1426 2027 injuriam

381 2091 384 2096 .
476 2039 681 2125 disponentis.
726 2039 780 2104 Ait
800 2049 905 2103 tamen
927 2037 1092 2105 doctorum
1114 2039 1314 2107 doctissimus
1336 2043 1428 2123 (Hie-

475 2159 644 2227 ronymum
665 2139 790 2222 loquor)
807 2139 970 2205 Audenter
983 2145 1109 2226 loquar,
1123 2141 1197 2206 licet
1214 2144 1305 2208 Deus
1318 2145 1426 2208 omnia

475 2241 585 2328 possit,
612 2241 765 2324 virginem
791 2253 896 2305 tamen
923 2254 995 2328 post
1023 2242 1147 2306 ruinam
1178 2243 1331 2309 suscitare
1359 2267 1424 2309 non

475 2331 592 2429 potest.
655 2345 764 2407 Potest
799 2354 904 2406 tamen
942 2365 1092 2408 coronare
1126 2359 1320 2431 corruptam.
1379 2350 1424 2412 Et

474 2443 603 2529 quidem
626 2441 845 2506 diffinitionem
877 2442 1021 2527 virginis,
1044 2442 1155 2508 eodem
1185 2446 1429 2532 interpretante,

474 2543 647 2628 Apostolus
662 2539 763 2626 ponit,
777 2551 814 2605 ut
830 2539 869 2605 sit
890 2541 982 2624 virgo
1004 2562 1077 2626 quae
1095 2555 1204 2609 sancta
1224 2558 1273 2609 est
1294 2567 1426 2631 corpore

474 2658 506 2708 et
537 2643 660 2734 spiritu.
717 2640 780 2704 Sed
808 2641 1020 2727 proculdubio
1050 2643 1140 2710 Deus
1169 2656 1202 2709 et
1232 2645 1426 2712 sanctificare

473 2746 608 2812 animam
637 2743 823 2820 virtutibus,
850 2755 882 2808 et
912 2766 1037 2810 carnem
1067 2757 1174 2831 potest
1210 2748 1426 2835 redintegrare

473 2859 665 2932 corruptam,
681 2857 718 2908 ut
741 2856 808 2909 tota
831 2844 1009 2909 substantia
1030 2846 1080 2909 sui
1101 2845 1201 2910 videri
1223 2850 1336 2934 possit,
1349 2873 1424 2937 quas

474 2947 642 3022 ceciderat,
665 2945 828 3009 suscitata.
881 2943 979 3018 Quod
1002 2950 1039 3024 si,
1062 2948 1200 3013 oratorio
1221 2963 1316 3035 tropo
1337 2974 1426 3030 usus,

474 3046 632 3113 intellexit
660 3069 735 3132 quae
762 3046 894 3112 fuerunt
923 3069 986 3111 nou
1015 3072 1107 3135 posse
1132 3072 1194 3115 non
1221 3051 1331 3131 fuisse,
1361 3076 1425 3119 non

475 3172 599 3214 necesse
614 3148 677 3213 fuit
699 3146 739 3211 ad
756 3147 912 3233 virginem
926 3162 1117 3233 prostratam
1137 3174 1310 3236 recurrere,
1323 3179 1425 3242 quum

475 3254 506 3316 in
536 3249 704 3337 praeteritis
732 3249 881 3314 omnibus
915 3250 1010 3315 simili
1039 3252 1195 3318 sententia
1229 3256 1279 3318 vel
1308 3278 1424 3333 errore,

474 3350 626 3415 hocidem
637 3348 774 3435 potuerit
786 3348 933 3414 inveniri.
968 3351 1162 3416 Sententiam
1175 3375 1250 3415 vero
1265 3354 1306 3417 ab
1321 3378 1424 3421 errore

474 3456 607 3521 scienter
616 3452 736 3531 divido,
751 3476 789 3518 eo
802 3454 888 3537 quod
900 3455 1056 3519 sententia
1065 3479 1189 3542 semper
1203 3455 1321 3523 habere
1330 3460 1425 3529 debet

473 3554 615 3621 veritatis
637 3553 908 3638 significationem.
953 3557 1043 3622 Sicut
1072 3557 1160 3643 apud
1183 3571 1328 3626 sanctum
1357 3564 1424 3628 Job

471 3657 612 3723 invenis:
638 3656 716 3733 Quis
730 3668 778 3719 est
793 3655 852 3719 iste
865 3656 1031 3721 involvens
1046 3660 1218 3725 sententias
1226 3664 1424 3728 sermonibus

471 3758 652 3846 imperitis?
676 3756 739 3822 Sed
761 3756 845 3821 sorte
866 3758 1058 3841 virginitatis
1081 3760 1198 3847 aliquis
1223 3765 1342 3848 gradus
1365 3777 1424 3840 est,

472 3866 566 3947 quem
577 3858 772 3945 impossibile
783 3871 1208 3947 estaquacunquecorrupta
1217 3863 1422 3949 apprehendi.

473 3959 567 4038 Quod
583 3972 687 4023 autem
698 3959 848 4043 possibile
858 3959 988 4036 dicitur,
1005 3961 1164 4025 interdum
1175 3962 1216 4025 ad
1225 3962 1422 4044 facilitatem,
1437 3967 1456 4049 J

471 4083 547 4150 quae
569 4059 702 4143 singulis
723 4060 816 4137 inest,
845 4060 894 4123 vel
925 4083 965 4124 ex
988 4062 1127 4127 fortunae
1149 4061 1282 4141 calculo,
1305 4062 1355 4126 vel
1381 4088 1423 4129 ex

472 4142 653 4250 aptitudine
664 4158 887 4243 dispositionis,
902 4163 1050 4239 refertur,
1063 4163 1257 4248 quandoque
1269 4164 1310 4229 ad
1322 4166 1424 4251 ipsam

471 4284 578 4331 rerum
606 4272 748 4323 naturam
773 4262 911 4346 respicit,
941 4287 1027 4328 nunc
1051 4264 1091 4327 ad
1121 4262 1240 4328 sontem
1270 4266 1424 4344 omniurn,

471 4364 609 4432 divinam
628 4360 801 4427 reflectitur·
813 4366 1020 4450 majestatem,
1033 4390 1052 4429 a
1067 4390 1132 4451 qua
1142 4366 1245 4432 omnis
1256 4391 1317 4432 nou
1330 4370 1426 4437 modo
