3575 5575
343 809 417 856 oar.
433 795 516 874 nvn]
696 813 953 860 Ponromrrous.
1233 801 1297 860 8⁸25

343 973 484 1046 cogatur.
507 965 822 1049 LegequoqueJulia
830 966 1075 1048 repetundarum
1084 976 1217 1043 tenetur,
1225 968 1294 1052 qui,

342 1090 441 1152 quum
458 1066 595 1151 aliquam
608 1076 797 1150 potestatem
808 1069 941 1130 haberet
955 1069 996 1131 ob
1007 1067 1230 1152 judicandum,
1243 1069 1294 1131 vel

342 1191 407 1232 non
413 1168 637 1253 judicandum,
649 1169 898 1244 decemeudum,
913 1171 963 1232 vel
975 1191 1041 1231 non
1053 1168 1292 1232 decernendum

342 1280 396 1332 ant
415 1271 459 1332 ob
481 1267 742 1332 denunciandum
764 1269 992 1342 testimoninm,
1008 1269 1057 1331 vel
1080 1289 1146 1331 non
1168 1269 1291 1332 denun-

341 1368 504 1445 ciandum,
532 1367 704 1450 pecuniam
734 1367 912 1449 acceperit3
949 1377 981 1428 et
1006 1367 1040 1428 in
1067 1387 1201 1447 summa,
1226 1389 1291 1451 quo

340 1468 443 1550 magis
465 1468 647 1530 autminus
669 1465 749 1549 quid
771 1487 813 1528 ex
835 1466 942 1530 officio
965 1487 1022 1528 suo
1047 1467 1173 1531 iaceret.
1219 1471 1291 1532 Nec

340 1591 402 1632 usu
417 1570 493 1652 capi
516 1576 622 1651 potest
640 1566 727 1650 quod
747 1567 913 1651 accipitur,
936 1578 1107 1651 antequam
1125 1568 1235 1634 redeat
1256 1571 1291 1634 in

339 1681 528 1753 potestatem
557 1669 627 1754 ejus
653 1691 672 1732 a
698 1689 763 1752 quo
792 1669 966 1750 profectum
992 1678 1050 1747 est,
1074 1679 1129 1733 aut
1154 1671 1291 1735 heredis.

340 1772 553 1836 Venditiones
577 1793 706 1854 quoque
732 1783 765 1834 et
785 1772 973 1846 locationes,
996 1772 1096 1854 pluris
1121 1772 1290 1837 minorisve

339 1874 452 1951 factas,
466 1875 521 1936 lex
534 1873 597 1936 ista
611 1871 776 1949 rescindit,
791 1883 823 1935 et
842 1893 880 1935 ea
903 1873 1057 1948 damnati,
1073 1875 1289 1938 testimonium

338 1975 506 2057 publicum
521 1975 639 2052 dicere,
654 1985 709 2037 ant
724 1974 855 2058 judices
871 1995 952 2051 esse,
967 1985 1022 2037 aut
1035 1977 1195 2057 postulare
1218 1997 1290 2058 pro·

338 2076 497 2139 hibentur.
534 2078 579 2140 Et
589 2077 666 2139 licet
677 2076 816 2140 convicti
832 2089 923 2140 extra
935 2075 1078 2139 ordinem
1089 2076 1184 2140 hodie
1195 2079 1291 2160 puni-

337 2186 441 2253 antur,
455 2178 642 2260 plerumque
658 2175 850 2239 damnantur
863 2176 973 2250 exilio,
988 2178 1039 2239 vel
1054 2177 1150 2240 etiam
1170 2177 1292 2260 durius,

337 2289 433 2360 prout
443 2277 640 2341 admiserint.
677 2276 743 2342 Sed
754 2289 785 2340 et
794 2279 835 2341 ab
844 2277 1015 2341 heredibus
1024 2299 1121 2359 poena
1130 2282 1290 2362 repetitur.

338 2378 469 2461 Inspice
493 2381 588 2442 verba
609 2377 701 2458 legis,
724 2386 757 2439 et
778 2388 899 2460 quanta
921 2375 1141 2458 indignatione
1168 2379 1290 2444 crimen

337 2479 400 2543 hoc
426 2489 634 2563 persequatur
658 2477 797 2540 attende.
844 2479 891 2541 Ut
916 2478 1022 2550 unius,
1044 2477 1159 2561 inquit,
1182 2501 1291 2561 poena,

337 2589 442 2642 metus
457 2580 558 2661 possit
580 2599 651 2641 esse
665 2578 847 2654 mrdtorum,
862 2577 978 2640 ducem
994 2578 1050 2661 qui
1070 2580 1153 2641 male
1169 2581 1234 2660 egit
1249 2583 1290 2646 ad

337 2679 546 2762 provinciam,
568 2699 665 2761 quam
687 2677 874 2754 nudaverat,
897 2697 969 2741 cnm
993 2678 1139 2742 custodia
1161 2701 1289 2765 compe-

338 2781 418 2844 tenti
440 2779 485 2844 ire
506 2779 721 2864 praecipimus,
745 2790 867 2842 utnon
889 2777 992 2843 solnm
1015 2781 1104 2864 quod
1126 2783 1200 2865 egit,
1224 2807 1289 2849 non

337 2881 445 2945 dicam
465 2882 673 2956 domesticus,
696 2880 754 2943 sed
772 2881 1002 2965 manipularius
1020 2892 1051 2946 et
1071 2884 1217 2949 minister
1238 2910 1290 2953 ao-

337 2983 433 3065 cepit,
454 3003 560 3045 verum
583 2994 619 3046 nt
639 2980 674 3044 id
697 2982 786 3065 qnod
807 2983 877 3066 ipsc
899 3005 919 3046 a
938 2982 1189 3067 provincialibus
1211 2991 1290 3053 meis

336 3085 452 3168 rapuit,
466 3096 522 3148 ant
542 3084 680 3160 sustulit,
701 3085 736 3146 in
759 3083 973 3168 quadruplum
993 3085 1113 3150 invitus
1133 3090 1287 3153 exsolvat.

337 3186 502 3268 Itemque:
543 3187 664 3249 Omnes
684 3187 866 3267 cognitores
889 3197 922 3249 et
938 3186 1068 3271 judices
1091 3208 1109 3249 a
1131 3191 1288 3271 pecuniis,

336 3298 432 3371 atque
454 3288 654 3371 patrimoniis
674 3309 789 3349 manus
811 3286 1002 3366 abstineant,
1023 3310 1129 3373 neque
1151 3292 1289 3355 alienum

329 3388 472 3470 jurgium
495 3399 609 3473 putent
630 3410 720 3453 snam
747 3387 898 3471 praedam.
944 3390 1075 3452 Etenim
1098 3392 1290 3472 privatarum

335 3489 440 3551 litium
459 3492 615 3573 cognitor,
631 3490 783 3575 idemque
806 3503 975 3567 mercator,
996 3500 1143 3555 statutam
1163 3492 1289 3573 legibus
1340 3541 1344 3549 1

336 3598 467 3670 cogetur
481 3593 588 3654 subire
598 3592 768 3675 jacturam.
805 3594 851 3654 Et
864 3591 964 3654 illud:
988 3594 1009 3656 J
1012 3594 1143 3655 ubemus
1160 3614 1288 3678 quoque

335 3702 367 3753 et
375 3691 548 3768 hortamur,
557 3704 602 3768 ut,
611 3692 639 3754 si
649 3692 720 3775 quis
728 3692 809 3755 forte
818 3693 1056 3766 honoratorum,
1069 3694 1288 3774 decurionum,

333 3812 565 3875 possessorum,
580 3806 740 3875 postremo
756 3793 850 3857 etiam
871 3795 1068 3871 colonorum,
1083 3815 1103 3857 a
1118 3795 1288 3879 cujuslibet

333 3893 456 3957 ordinis
464 3893 577 3978 jndice
592 3893 688 3957 fuerit
702 3892 810 3975 aliqua
823 3892 948 3955 ratione
964 3914 1151 3971 concussus,
1166 3896 1194 3957 si
1215 3899 1287 3980 quis

334 3996 416 4059 sciat
431 3998 576 4059 venalem
597 3995 638 4057 de
654 3994 727 4079 jure
748 3993 846 4057 fuisse
862 3994 1066 4079 sententiam,
1082 3996 1107 4057 si
1124 3996 1196 4078 quis
1218 4021 1288 4083 poe·

334 4117 409 4159 nam
424 4100 473 4159 vel
487 4098 596 4180 precio
614 4095 791 4170 remissam,
807 4096 857 4157 vel
877 4094 954 4158 vitio
974 4093 1158 4178 cupiditatis
1179 4099 1286 4179 iuges·
1312 4089 1316 4096 ’

336 4206 418 4260 tam:
442 4199 470 4259 si
482 4200 554 4281 quis
566 4210 726 4284 postremo
738 4217 929 4281 quacunque
943 4195 984 4259 de
996 4217 1093 4260 causa
1103 4199 1286 4281 improbum

329 4298 474 4381 jndicem
496 4302 635 4382 potuerit
653 4300 842 4383 approbare,
856 4299 883 4360 is
904 4299 952 4360 vel
975 4297 1216 4363 administrante
1237 4323 1289 4381 eo,

284 4406 286 4410 ’
335 4401 384 4461 vel
414 4412 489 4482 post
518 4401 825 4466 administrationem
856 4399 1034 4481 depositam
1059 4400 1092 4462 in
1122 4403 1286 4483 publicum
