3575 5575
341 805 413 852 cae.
428 778 477 870 ra]
689 794 947 852 eom'c'rrarrcns.
1233 789 1292 848 lea

335 960 523 1042 assequitur.
561 956 614 1022 Sic
632 957 775 1022 adulator
790 960 921 1044 quidem
936 979 1000 1021 non
1016 977 1141 1040 semper
1155 955 1287 1038 decipit,

334 1071 389 1124 aut
404 1060 443 1122 de
457 1063 562 1125 amico
576 1062 762 1145 triumphat.
808 1059 889 1125 Fine
912 1071 1016 1126 tamen
1034 1080 1093 1123 suo
1109 1067 1173 1120 no'n
1190 1056 1285 1119 desti-

335 1164 441 1241 tuitur,
457 1163 484 1227 si
499 1185 541 1226 ex
557 1163 817 1244 contingentibus
831 1164 911 1225 nihil
927 1162 1074 1226 omiserit.
1113 1162 1183 1224 Nec
1199 1160 1285 1222 enim

334 1267 460 1348 Ulyxes
480 1265 624 1330 Sirenum
641 1286 735 1328 voces
757 1266 869 1343 evasit,
883 1263 970 1348 quod
993 1264 1022 1325 ei
1045 1261 1167 1345 aliquid
1183 1260 1286 1324 suavi-

333 1367 406 1430 tatis
420 1366 548 1429 deesset
562 1364 603 1429 ad
618 1368 762 1447 gratiam,
778 1365 835 1429 sed
855 1368 932 1450 quia
951 1365 1087 1430 stimulis
1101 1364 1288 1445 voluptatis,

333 1477 365 1530 et
384 1468 657 1530 meretricantibus
676 1468 836 1530 illecebris
852 1467 1011 1538 vanitatis,
1035 1465 1146 1553 solidae
1161 1465 1285 1528 virtutis

334 1577 528 1650 opposuerat
548 1568 654 1629 robur.
699 1567 853 1629 Tentator
877 1587 1007 1648 quoque
1038 1563 1229 1642 Pharisaeus,
1252 1575 1285 1626 et

334 1667 541 1731 Herodianus
554 1667 733 1746 insidiator,
747 1688 829 1750 quas
845 1666 963 1730 fraudis
977 1689 1042 1730 suae
1058 1688 1121 1728 nou
1138 1665 1286 1729 adhibuit

333 1778 426 1842 artes,
442 1777 478 1830 nt
492 1789 565 1830 eum
589 1777 741 1850 caperent
759 1769 792 1829 in
815 1788 961 1830 sermone
983 1767 1093 1846 lingua
1113 1766 1235 1844 dolosa,
1249 1767 1282 1828 in

333 1869 427 1954 cujus
439 1891 494 1933 ore
514 1892 577 1934 nou
600 1880 649 1933 est
668 1871 816 1934 inventus
835 1865 953 1933 dolus?
989 1868 1153 1950 Magister,
1169 1869 1284 1954 iuquit,

332 1974 451 2038 scimus
470 1973 545 2057 quia
558 1993 656 2035 verax
677 1994 723 2050 es,
738 1983 770 2035 et
785 1973 867 2035 viam
891 1972 957 2035 Dei
978 1971 1012 2034 in
1028 1971 1158 2034 veritate
1174 1971 1284 2046 doces,

332 2084 366 2139 et
387 2096 452 2138 non
474 2076 603 2139 esttibi
626 2096 703 2138 cura
725 2074 766 2137 de
789 2075 908 2158 aliquo,
924 2095 1030 2156 neque
1053 2075 1138 2137 enim
1161 2075 1282 2157 accipis

332 2198 485 2261 personas
513 2176 690 2240 hominum.
744 2175 830 2248 Quid
865 2197 976 2259 quaeso
1005 2175 1177 2240 blandius?
1216 2175 1283 2239 Sed

332 2277 425 2340 dolus
440 2300 504 2362 quo
523 2278 644 2354 tendat,
658 2276 780 2340 invidia
801 2299 865 2361 quo
884 2278 1014 2356 feratur,
1028 2277 1172 2360 subjecta
1186 2277 1283 2340 inter·

331 2381 453 2462 rogatio
468 2379 628 2464 patefecit.
666 2379 816 2462 Sequitur
831 2381 932 2443 enim:
952 2381 1044 2443 Licet
1058 2401 1189 2442 censum
1205 2379 1283 2442 darc

331 2479 461 2554 Caesari,
492 2502 533 2543 au
563 2479 650 2543 uon?
696 2481 786 2543 Ecce
816 2481 953 2563 laqueus
984 2492 1112 2564 paratur
1142 2481 1280 2564 pedibus

330 2581 522 2659 innocentis,
545 2581 641 2644 etad
664 2582 902 2645 subversionem
928 2582 997 2665 ejus
1020 2582 1185 2664 decipulas
1207 2603 1281 2645 suas

329 2680 445 2744 frustra
457 2681 594 2744 tetendit
617 2681 779 2764 iniquitas.
824 2681 860 2744 Si
880 2682 963 2744 enim
985 2702 1116 2744 censum
1137 2680 1280 2745 dandum

329 2802 400 2844 esse
423 2781 593 2858 censuerit,
614 2780 808 2862 peculiarem
827 2781 983 2863 populum
1007 2779 1151 2858 Domini,
1171 2801 1281 2844 semen

328 2882 477 2959 liberum,
492 2884 674 2966 praeclaram
696 2882 916 2945 haereditatem
933 2884 1074 2958 Domini,
1091 2882 1224 2945 decimis
1248 2893 1281 2946 et

284 3041 287 3045 .
328 2984 489 3068 primitiis,
508 2993 541 3047 et
561 2985 721 3066 legalibus
735 2984 924 3048 ceremoniis
947 2994 1068 3048 tautum
1091 2986 1277 3062 obnoxiam,

328 3085 477 3169 subjiciet
498 3084 648 3149 servituti.
694 3084 817 3149 sivero
839 3086 959 3148 tributa
979 3086 1128 3169 neganda
1148 3108 1279 3169 respon·

328 3188 414 3251 derit
427 3188 486 3265 his,
498 3187 555 3270 qui
570 3207 629 3270 pro
643 3188 745 3249 salute
761 3193 794 3249 et
807 3188 915 3271 quiete
930 3188 1073 3251 omnium
1087 3189 1277 3267 militabant,

326 3290 419 3374 quasi
433 3288 599 3352 seditionis
614 3299 733 3367 auctor,
742 3299 775 3352 et
784 3310 857 3352 reus
867 3290 1077 3373 imperatoriae
1092 3289 1280 3374 majestatie,

326 3413 346 3455 a
360 3393 541 3477 publicanis
550 3393 641 3477 juste
653 3392 769 3475 poterit
783 3392 1021 3475 comprehendi.
1067 3396 1184 3458 Verum
1201 3399 1278 3481 quia

325 3493 440 3556 smstra
463 3494 583 3577 jacitur
607 3505 673 3557 rete
699 3504 773 3557 ante
798 3495 909 3558 oculos
939 3506 1159 3578 pennatorum,
1182 3500 1278 3563 totius

327 3593 494 3655 calumniae
507 3594 614 3675 laquei
624 3593 851 3670 dissolvuntur,
861 3593 937 3656 dum
949 3597 1072 3677 prolato
1087 3598 1277 3662 numismate

330 3714 457 3771 census,
469 3713 558 3755 suam
575 3686 695 3775 cuique
706 3694 831 3756 censuit
839 3694 1068 3758 restituendam
1084 3716 1153 3759 esse
1168 3698 1279 3778 imagi-

327 3818 419 3872 nem3
445 3806 478 3858 et
498 3795 544 3857 ita
565 3814 639 3877 qnae
661 3793 798 3855 Caesaris
820 3806 904 3869 sunt,
927 3795 1048 3857 Caesari
1070 3796 1284 3875 restituenda,¹

325 3912 361 3960 ut
386 3918 444 3960 suo
462 3896 536 3979 jure
560 3895 649 3956 Deus
675 3914 740 3956 nou
766 3893 980 3956 defraudetur.
1024 3895 1187 3979 Equidem
1209 3920 1276 3962 nou

325 3999 473 4062 omnibus
488 3998 597 4061 datum
617 4005 677 4069 est,
693 4005 728 4059 ut
746 3994 972 4059 blanditiarum
992 3997 1125 4081 laqueos
1140 4000 1186 4065 sic
1202 4022 1275 4066 eva-

326 4098 413 4176 dant,
429 4120 528 4183 quum
542 4118 598 4161 eos
613 4098 694 4160 alius
709 4118 773 4160 non
788 4096 972 4181 praevideat,
988 4099 1070 4162 alius
1084 4102 1179 4164 etiam
1195 4125 1276 4187 prae-

326 4200 413 4263 risos
433 4210 572 4284 nequeat
596 4198 768 4264 declinare.
813 4201 924 4262 Unum
946 4210 1052 4264 tamen
1077 4215 1196 4267 certum
1220 4220 1278 4284 est,

326 4301 401 4378 illis,
423 4302 479 4383 qui
501 4301 576 4364 huic
599 4300 675 4363 vitio
698 4300 800 4364 dediti
822 4311 908 4380 sunt,
933 4324 998 4364 non
1024 4305 1124 4386 magis
1145 4308 1275 4389 placere

326 4400 483 4473 virtutem,
496 4422 593 4484 quam
604 4400 677 4465 illos
691 4403 774 4465 bene
786 4402 881 4480 olere,
893 4402 949 4485 qui
961 4403 995 4465 iu
1005 4405 1114 4468 culina
1123 4406 1276 4472 habitant

373 4519 444 4565 VOL.
461 4521 512 4566 111.
803 4523 824 4565 0
