3575 5575
487 802 547 858 ‘294
589 873 596 894 ι
727 813 865 858 Joauurs
881 811 1160 857 sanusuutuuusrs
1311 800 1392 874 [ma.
1408 818 1440 862 v.

487 975 520 1028 et
534 963 642 1048 opinio
652 962 803 1026 bonitatis
817 962 887 1047 ejus
901 961 934 1024 iu
950 971 1073 1026 tautum
1088 963 1264 1047 praevaluit,
1279 977 1315 1028 ut
1330 965 1439 1030 amicis

487 1066 691 1131 laudantibus
720 1064 770 1129 vel
800 1062 1034 1129 assentantibus
1064 1065 1261 1130 occasionem
1292 1067 1439 1152 magnifi-

487 1166 660 1234 centissimi
675 1178 804 1253 praestet
823 1165 972 1251 exempli.
1021 1167 1122 1231 Recte
1141 1167 1290 1232 laudatur
1304 1169 1336 1232 iu
1352 1169 1439 1235 Julio

487 1271 584 1335 animi
598 1269 785 1354 magnitudo
795 1269 915 1346 invicti,
926 1281 959 1333 st
970 1270 1108 1334 efficacia
1118 1271 1232 1356 operis,
1242 1292 1340 1358 quum
1353 1271 1439 1338 illius

487 1396 588 1450 meus,
608 1385 643 1438 st
661 1395 774 1437 manus
792 1372 834 1436 ad
854 1372 920 1436 lere
939 1371 1146 1458 impossibilia
1168 1373 1230 1468 sibi
1246 1374 1436 1443 suffecerint.

488 1477 637 1551 Quantus
658 1459 694 1538 iu
716 1483 838 1538 armata
864 1473 978 1538 militia
1001 1472 1107 1553 fuerit,
1131 1495 1194 1541 non
1220 1478 1316 1542 modo
1340 1478 1438 1558 Galli,

489 1579 699 1664 Britonesque
722 1577 862 1663 primum
884 1577 926 1640 ab
948 1598 986 1641 eo
1009 1578 1143 1654 subacti,
1167 1580 1222 1644 sed
1248 1592 1316 1645 tota
1338 1581 1437 1646 civilis

486 1679 562 1745 belli
585 1680 722 1755 senuna,
745 1691 779 1743 et
802 1679 960 1744 Caesareae
981 1679 1095 1744 domus
1118 1680 1214 1746 series
1239 1693 1438 1768 protestatur.

488 1782 527 1845 lu
543 1780 731 1846 litteratorio
749 1779 855 1845 studio
873 1791 982 1844 tantus
1007 1794 1084 1857 erat,
1102 1793 1138 1845 ut
1158 1793 1328 1868 quaternas
1342 1783 1437 1850 simul

485 1884 622 1949 dictaret
636 1883 793 1971 epistolas.
839 1884 922 1960 Quis
942 1885 975 1947 in
991 1884 1074 1968 juris
1091 1885 1190 1949 civilis
1205 1885 1319 1971 peritia
1333 1885 1438 1966 luerit,

485 1997 607 2050 veteres
625 1985 844 2049 Romanorum
858 1984 1002 2049 indicant
1018 1986 1114 2069 leges.
1160 1987 1304 2053 Potentia
1318 1987 1438 2073 ingenii

486 2087 567 2150 vires
582 2108 678 2172 quam
690 2087 813 2172 jugiter
827 2087 860 2150 in
876 2087 1075 2172 philosophia
1090 2090 1277 2167 exercuerit,
1286 2091 1440 2176 praedicat

486 2199 518 2252 et
542 2188 665 2252 extollit
688 2189 738 2253 vel
761 2189 827 2252 sola
849 2188 990 2252 inventio
1020 2189 1164 2257 Bissexti.
1202 2191 1307 2268 -Quod
1330 2207 1438 2260 autem

485 2291 633 2356 omnibus
654 2290 832 2356 mirabilius
854 2304 913 2370 est,
935 2292 1108 2368 amoribus,
1131 2303 1164 2358 et
1186 2295 1321 2378 negotiis
1342 2295 1436 2362 simul

485 2416 614 2478 operam
642 2393 750 2470 dabat,
781 2406 814 2458 et
843 2394 876 2456 in
908 2393 1049 2477 singulis,
1080 2418 1154 2480 quae
1182 2397 1436 2482 aggrediebatur,

484 2507 592 2560 tantus
606 2507 684 2571 erat,
701 2507 737 2559 ut
752 2495 796 2559 eia
811 2495 885 2559 solis
900 2517 1012 2558 vacare
1035 2498 1228 2578 crederetur,
1243 2497 1337 2563 simul
1352 2511 1437 2564 totus

483 2611 553 2662 erat
574 2598 781 2682 singulorum,
797 2608 830 2662 et
852 2597 1005 2662 emulum.
1054 2598 1181 2664 Laudes
1201 2623 1276 2664 vcro
1299 2603 1435 2687 Augusti

486 2711 570 2765 totus
594 2700 679 2765 orbis
701 2699 915 2776 coucelebrat,
940 2711 972 2763 et
998 2700 1109 2763 Titum
1136 2724 1277 2767 amorem
1304 2704 1436 2769 humani

484 2804 620 2889 generis,
635 2827 706 2869 suas
721 2802 842 2868 scilicet
861 2802 997 2879 delitias,
1010 2804 1154 2888 jucunda
1174 2806 1328 2873 memoria
1342 2830 1437 2873 vene-

484 2917 580 2972 ratur.
631 2906 702 2989 Ego
730 2905 778 2969 bis
807 2905 956 2969 omnibus
987 2906 1161 2992 Trajanum
1191 2909 1341 2993 praeferre
1371 2933 1434 2975 uon

484 3009 606 3087 dubito,
630 3008 741 3096 quiin
765 3009 861 3074 solius
882 3008 1007 3073 virtutis
1036 3010 1136 3089 cultu,
1161 3012 1250 3095 regni
1274 3013 1436 3078 coustituit

483 3112 694 3199 majestatem.
739 3111 892 3177 Ethicum
909 3112 1001 3197 juxta
1017 3112 1072 3199 qui
1089 3126 1174 3177 recte
1189 3115 1310 3191 lecerit,
1327 3137 1434 3201 regem

483 3216 663 3281 arbitratur.
688 3214 771 3280 Tala
786 3226 834 3279 est
849 3214 929 3279 illud
945 3215 1106 3300 quodsub
1123 3216 1251 3281 nomine
1263 3217 1437 3283 Theodosii

483 3318 627 3404 praecipit
643 3317 859 3384 Claudianus:

589 3492 632 3545 Tu
643 3492 705 3544 licet
716 3497 847 3544 extremos
857 3492 911 3545 lete
923 3494 1053 3547 dominere
1065 3512 1111 3566 per
1124 3494 1211 3558 ludos,

587 3578 629 3631 Te
642 3577 747 3643 Medus,
759 3583 786 3630 tc
798 3576 882 3630 mollis
894 3578 990 3644 Arabs,
1001 3586 1028 3632 te
1040 3580 1117 3633 Seres
1129 3580 1244 3645 adorent,

588 3665 617 3717 st
628 3664 733 3727 metuis,
746 3665 768 3716 si
781 3681 859 3735 prava
871 3665 951 3736 cupis,
964 3666 986 3717 si
999 3664 1100 3718 dureris
1111 3666 1159 3730 ira,

589 3751 694 3804 Servilii
704 3751 802 3822 patiere
811 3751 914 3821 jugum,
927 3749 1049 3803 tolerabis
1060 3751 1162 3820 iniquas

588 3838 701 3890 Interius
712 3836 796 3905 leges,
807 3842 868 3889 lune
879 3835 965 3888 omnis
974 3835 1033 3906 jure
1045 3836 1148 3889 tenebis

587 3924 676 3986 Quum
687 3923 784 3994 poteris
795 3939 842 3975 rex
854 3939 911 3974 esse
922 3922 973 3974 tui:
992 3920 1125 3994 proclivior
1136 3940 1197 3976 usus

588 4009 621 4059 ln
632 4010 721 4079 pejora
732 4009 816 4071 datur,
829 4008 971 4077 suadetque
982 4008 1091 4060 licentia
1102 4008 1202 4074 luxum,

588 4090 772 4158 illecebrisque
785 4093 883 4145 effrena
893 4093 974 4158 favet,
986 4099 1047 4146 tunc
1058 4095 1143 4148 vivere
1154 4100 1225 4148 ceste

588 4176 724 4246 Asperius,
736 4195 815 4243 quum
826 4184 944 4249 prompta
956 4179 1063 4232 Venus:
1082 4184 1137 4233 tum
1150 4181 1238 4233 durius
1249 4182 1295 4233 ires

587 4260 745 4327 consulitur,
757 4279 835 4330 quum
845 4280 924 4335 poene
935 4268 1025 4335 patet:
1043 4265 1090 4318 sed
1101 4266 1238 4337 comprime
1250 4272 1344 4330 motus,

587 4348 645 4402 Nec
657 4348 706 4401 tibi
717 4349 780 4420 quid
792 4348 878 4415 liceat,
891 4350 939 4404 sed
950 4350 1013 4418 quid
1024 4349 1117 4404 secisse
1129 4350 1243 4403 decebit'

584 4436 721 4503 occurrat,
732 4442 899 4507 mentemque
912 4438 1000 4490 domet
1013 4444 1143 4509 respectus
1154 4438 1267 4493 honesti.
