3575 5575
497 769 559 834 154
753 789 891 835 suenrus
907 791 1187 839 ssansasnrnnsrs
1318 777 1402 852 [ans.
1420 796 1457 840 11.

499 933 615 1022 ingerit
639 937 834 1023 quaestionis.
881 938 973 1004 Licet
995 940 1078 1005 enim
1101 941 1287 1007 futurorum
1315 944 1458 1011 situnne

499 1039 626 1117 arbiter,
648 1038 751 1124 quiet
777 1043 866 1104 Dens
881 1052 913 1105 et
930 1043 1091 1106 Dominus
1106 1044 1249 1108 omnium
1273 1057 1333 1122 est,
1349 1059 1456 1111 tamen

497 1164 539 1206 ex
551 1139 649 1224 signis
658 1139 818 1205 interdum
832 1142 1014 1207 hominibus
1024 1143 1237 1210 innotescunt.
1283 1146 1368 1223 Quid
1379 1170 1457 1230 ergo

499 1243 628 1319 mirum,
644 1243 670 1306 si
686 1265 723 1306 ea
738 1244 936 1330 quandoque
956 1259 1168 1331 praenoscant,
1190 1269 1264 1331 quoe
1279 1258 1312 1311 et
1330 1247 1455 1312 subtili·

499 1355 565 1408 tate
580 1355 704 1406 naturae
728 1341 848 1426 vigent,
862 1359 894 1408 et
914 1344 1110 1430 experientia
1127 1344 1279 1430 temporis
1301 1345 1452 1430 longiore,

497 1456 529 1507 et
560 1441 748 1506 revelatione
778 1445 977 1528 superiorum
1007 1458 1202 1529 potestatum
1234 1445 1273 1510 de
1308 1445 1455 1531 plurimis

500 1543 730 1608 admonentur?
764 1545 798 1611 Si
814 1567 890 1630 ergo
913 1546 1047 1631 spiritus
1061 1546 1202 1632 corporis
1221 1548 1304 1610 mole
1318 1548 1454 1632 gravati,

499 1669 580 1732 quos
609 1645 734 1710 luteum
756 1645 860 1710 earnis
886 1647 1028 1711 retardat
1050 1646 1286 1729 indumentum,
1315 1672 1453 1735 quorum

499 1769 632 1812 acumen
656 1746 774 1810 turbati
798 1768 909 1810 sensus
930 1747 1093 1832 corruptio
1114 1747 1254 1828 hebetat,
1274 1772 1316 1814 ex
1336 1773 1452 1836 praece-

499 1847 649 1912 dentibus
664 1858 720 1910 aut
743 1867 1009 1933 quarumcunque
1023 1871 1129 1914 rerum
1149 1849 1285 1928 indiciis,
1300 1874 1375 1939 quoe
1389 1852 1453 1917 sint

499 1962 634 2013 ventura
656 1947 839 2034 conjiciunt,
862 1948 942 2034 quid
971 1951 1121 2035 prohibet
1143 1953 1276 2037 spiritus
1305 1954 1346 2018 ab
1366 1953 1453 2018 omni

499 2072 583 2114 nexu
600 2051 741 2134 corporis
756 2050 930 2128 absolutos,
945 2074 1026 2138 quos
1037 2054 1133 2118 noxia
1148 2054 1246 2119 moles
1255 2077 1319 2119 non
1333 2055 1449 2132 tardat,

499 2173 606 2214 rerum
628 2150 872 2229 imminentium,
893 2168 949 2217 aut
972 2153 1004 2217 in
1027 2153 1166 2238 plurima
1181 2168 1326 2241 tempora
1347 2179 1451 2220 succe-

497 2254 642 2321 dentium
668 2251 841 2340 praemetiri
866 2259 1043 2318 eventum?
1074 2256 1136 2319 Sed
1166 2256 1223 2342 qui
1252 2257 1320 2321 fera
1347 2257 1450 2342 pridie
1539 2285 1542 2290 ·

497 2369 661 2430 natusest,
673 2367 744 2441 post
751 2353 818 2418 dies
827 2355 981 2440 pauculos
990 2355 1190 2437 decessurus,
1196 2357 1449 2444 mediotempore

496 2480 538 2523 ex
553 2457 709 2522 similibus
730 2455 844 2520 similia
862 2457 994 2542 colligit,
1013 2470 1045 2523 et
1067 2457 1108 2522 de
1124 2462 1229 2524 causis
1244 2460 1304 2525 sibi
1322 2459 1447 2524 interim

495 2559 580 2624 notis
602 2555 810 2622 ratiocinatur
831 2557 864 2622 in
886 2569 1059 2644 posterum.
1104 2563 1220 2624 Nonne
1241 2559 1302 2623 hoo
1322 2559 1447 2624 facilius

496 2669 601 2748 potest
621 2682 684 2723 non
707 2659 804 2724 niodo
826 2658 988 2744 antiquus,
1011 2657 1067 2722 sed
1095 2659 1290 2725 inveteratus
1312 2658 1448 2740 dierum,

495 2761 550 2849 qui
564 2760 605 2827 ab
619 2760 713 2825 initio
732 2759 881 2825 conditus
901 2773 948 2826 est
970 2761 1083 2847 plenus
1103 2760 1257 2848 sapientia
1273 2772 1306 2827 et
1325 2761 1445 2849 perfec·

495 2866 579 2931 tione
591 2863 745 2927 decorus?
761 2863 842 2936 Quis
851 2862 1447 2949 adeohebesestettarditatisegregiae‚

494 2964 551 3050 qui
566 2974 656 3027 tanto
671 2961 823 3045 temporis
833 2974 950 3039 tractu,
966 2985 1025 3047 pro
1038 2974 1130 3048 parte
1144 2963 1235 3028 adea
1249 2963 1446 3049 conjicienda

493 3087 566 3151 quaa
591 3062 702 3127 futura
726 3073 811 3137 sunt,
835 3083 897 3125 non
918 3066 1090 3147 assurgat?
1112 3066 1275 3130 Praeterea
1296 3061 1444 3148 propitias

493 3177 679 3251 potestates,
695 3185 768 3250 quae
783 3162 923 3227 caritatis
937 3167 1027 3227 cultu
1043 3176 1075 3228 et
1091 3164 1260 3231 devotione
1274 3162 1444 3228 obediendi

493 3266 632 3329 Domino
654 3265 780 3329 assidue
802 3264 1011 3342 famulantur,
1029 3265 1074 3328 eis
1097 3265 1227 3350 quidem
1242 3276 1389 3349 possunt,
1411 3275 1443 3329 et

493 3364 654 3430 interdum
683 3364 857 3429 creduntur
884 3365 1010 3430 occulta
1039 3365 1189 3431 revelare.
1236 3367 1306 3429 Neo
1336 3377 1441 3428 tamen

492 3470 597 3533 statim
616 3488 726 3529 verum
748 3478 806 3544 est,
829 3465 917 3552 quod
938 3468 1066 3553 reprobi
1081 3467 1235 3543 sentiunt,
1250 3477 1307 3531 aut
1327 3465 1443 3553 praedi·

489 3581 578 3649 cunt,
594 3568 649 3633 sed
665 3568 857 3653 quandoque
872 3592 947 3654 quoe
969 3572 1171 3655 suspicantur
1190 3582 1247 3632 aut
1264 3568 1389 3645 timent,
1405 3582 1442 3633 ut

489 3670 659 3735 videantur
687 3667 806 3733 conscii
836 3681 1040 3745 secretorum,
1074 3680 1248 3754 properant
1278 3667 1441 3731 nunciare.

490 3770 589 3849 Quale
605 3768 753 3855 estquod
771 3768 911 3834 Domino
925 3768 1085 3834 nascituro
1106 3768 1140 3832 in
1156 3767 1284 3853 templis
1303 3766 1440 3849 AEgypti

489 3870 712 3935 desolationem
743 3891 864 3946 eorum,
894 3883 927 3934 et
956 3868 1131 3933 discessum
1154 3888 1258 3946 suum,
1279 3865 1439 3929 daemones

489 3968 679 4053 templorum
703 3968 854 4052 praesides
869 3967 1096 4054 praedicebant.
1141 3965 1239 4029 Unde
1253 3963 1334 4027 illud
1350 3964 1438 4048 apud

491 4068 735 4151 Trismegistum
759 4070 799 4133 de
823 4068 1010 4134 exterminio
1041 4066 1199 4151 religionis
1230 4065 1436 4130 idololatriae:

487 4173 640 4254 AEgypte,
650 4168 767 4254 inquit,
777 4173 931 4254 AEgypte,
941 4171 1000 4235 erit
1012 4191 1111 4254 quum
1120 4165 1280 4251 religionis
1291 4166 1439 4232 tuaasolaa

486 4269 810 4357 supereruntfabulae.
827 4270 1055 4358 Etsaepequod
1066 4267 1439 4343 exnecessitatefaciunt,

487 4385 519 4439 et
533 4370 644 4450 coacti,
661 4394 693 4435 se
708 4385 820 4457 sponte
835 4372 938 4437 facere
961 4370 1124 4449 simulant,
1149 4370 1242 4456 quasi
1257 4368 1439 4463 bominibus
