3575 5575
341 811 411 857 car.
428 793 518 872 x111.]
690 808 946 854 ronrcnurrcus.
1229 795 1292 853 205

340 965 534 1047 praenomine
557 963 785 1038 conclamatur,
800 962 1009 1025 salutationes
1025 961 1149 1045 excipit
1163 961 1292 1044 primas,

341 1066 459 1149 primas
486 1064 662 1127 sententias
681 1064 715 1126 in
730 1063 866 1145 judiciis
890 1063 1020 1146 profert,
1043 1064 1077 1125 in
1101 1063 1295 1126 demonstra·

338 1165 478 1229 tionibus
500 1163 735 1237 honestissime,
761 1164 795 1225 in
820 1162 1102 1226 deliberationibus
1127 1162 1294 1226 utilissime

338 1268 444 1343 sentit,
471 1263 624 1350 quicquid
647 1265 800 1349 loquitur,
826 1267 873 1329 sal
896 1286 1018 1329 merum
1045 1277 1110 1341 est;
1140 1263 1294 1348 quicquid

338 1369 415 1449 agit,
432 1366 558 1451 justitia
571 1367 620 1429 vel
643 1366 825 1429 liberalitas.
870 1368 940 1447 Age
963 1387 1039 1446 ergo
1061 1378 1095 1430 et
1113 1364 1195 1428 inter
1216 1365 1295 1428 istos

339 1487 452 1549 sapere
467 1464 560 1528 aude.
599 1465 681 1528 Ilico
692 1465 712 1496 “
724 1466 825 1528 multa
838 1465 1039 1529 adulatorum
1051 1466 1155 1527 veniet
1170 1486 1294 1541 manus,

338 1579 371 1630 et
381 1566 480 1629 veluti
495 1576 526 1628 te
536 1564 644 1628 Judaei
659 1576 776 1645 cogent
789 1566 822 1627 iu
838 1586 930 1628 suam
941 1565 1120 1629 concedere
1135 1565 1293 1628 turbam-’²

341 1665 553 1730 Multitudine
576 1667 686 1749 itaque
715 1667 776 1728 tuti
802 1674 888 1743 sunt,
914 1676 947 1729 et
972 1665 1121 1742 artificio,
1147 1676 1181 1729 ut
1206 1666 1293 1747 ipsos

339 1768 464 1851 possint
479 1766 574 1830 etiam
589 1785 689 1846 reges,
706 1780 738 1829 et
752 1767 916 1850 principes
931 1787 1125 1850 expugnare.
1154 1767 1200 1829 Et
1214 1767 1294 1829 miro

339 1867 436 1931 modo
447 1867 578 1931 inermis
589 1869 729 1951 populus
740 1871 892 1950 proevalet
905 1868 939 1931 iu
954 1878 1102 1944 armatos,
1114 1877 1148 1931 et
1157 1868 1296 1932 mollicie

340 1992 411 2054 quae
435 1969 656 2033 robustissima
678 1981 763 2048 suut,
788 1981 932 2054 potenter
954 1982 1132 2054 expugnat.
1175 1971 1296 2054 Dispo-

339 2080 593 2135 sueram-tamen
618 2070 709 2133 silere
733 2069 772 2133 de
795 2071 958 2147 mollibus,
978 2072 1032 2155 qui
1056 2073 1138 2136 sicut
1159 2073 1295 2154 ignomi-

338 2173 432 2248 niosi,
449 2173 493 2235 ita
516 2182 590 2235 sunt
605 2183 637 2234 et
651 2170 801 2234 videntur
822 2172 1080 2236 innominabiles.
1127 2173 1295 2238 Silentium

336 2273 452 2337 indicit
460 2273 636 2337 reverentia
645 2283 817 2351 morum,et
826 2273 1027 2337 verecundus
1036 2275 1173 2352 animus,
1181 2286 1295 2339 natura

341 2374 492 2454 dictante,
506 2376 631 2438 illorum
649 2374 792 2438 declinat
806 2386 982 2458 aspectum.
1027 2375 1112 2449 Quid
1128 2375 1250 2440 multa?

445 2485 475 2537 Si
485 2489 579 2536 natura
589 2487 680 2551 negat,
692 2480 756 2534 facit
766 2482 912 2549 indignatio
923 2482 1041 2535 verbum.

342 2582 436 2665 Apud
444 2583 524 2645 istos
533 2602 584 2643 ars
593 2591 642 2643 est
652 2601 741 2642 stram
752 2578 940 2661 pudicitiam
950 2581 1150 2664 prostituere,
1160 2583 1294 2645 alienam

340 2685 471 2759 violare,
482 2683 533 2744 vel
547 2702 743 2764 oppugnare.
773 2682 844 2745 Nec
858 2681 989 2763 quidem
1002 2679 1188 2763 simpliciter
1196 2703 1297 2760 suam,

340 2806 438 2868 quum
460 2782 655 2846 matrimonii
675 2792 867 2844 temerentur
883 2782 968 2864 jura,
984 2792 1015 2845 et
1035 2780 1181 2865 conjugis
1205 2783 1295 2848 adul·

342 2888 457 2950 terium
480 2885 603 2969 conjux
625 2895 782 2967 procuret
828 2885 917 2947 Dum
940 2882 1101 2964 egreditur
1122 2907 1241 2968 sponsa
1256 2888 1296 2952 de

339 2988 479 3051 thalamo
510 3007 581 3063 suo,
605 2984 776 3068 conjugem
802 2987 870 3048 noli
896 2986 1043 3049 maritum
1073 2985 1212 3065 credere,
1238 2986 1296 3051 sed

340 3091 497 3151 lenonem.
548 3084 703 3149 Producit
729 3107 810 3165 eam,
836 3086 1020 3149 libidinosis
1045 3086 1188 3170 exponit,
1213 3097 1245 3149 et
1269 3087 1296 3149 si

338 3210 413 3272 spes
435 3188 539 3253 dolosi
562 3188 684 3251 nummi
705 3189 870 3270 refulgeat,
892 3190 1028 3253 affectus
1055 3188 1173 3253 callida
1198 3189 1295 3251 simu-

336 3292 456 3355 latione
468 3291 641 3374 prostituit.
672 3290 756 3354 Filia
764 3311 904 3374 namque
921 3289 1095 3369 decentior,
1104 3299 1160 3353 aut
1174 3290 1201 3354 si
1216 3288 1295 3374 quid

338 3391 426 3455 aliud
449 3393 483 3455 in
505 3392 627 3455 familia
648 3392 775 3473 placeat
798 3390 917 3467 ditiori,
939 3392 1071 3475 publica
1093 3413 1214 3456 merces
1236 3403 1295 3471 est,

340 3493 490 3575 exposita
516 3493 660 3576 quidem,
682 3494 709 3556 si
732 3504 908 3578 emptorem
934 3494 1086 3558 iuveniat.
1132 3493 1197 3558 Sed
1218 3494 1295 3558 licet

334 3592 443 3679 justus
453 3591 546 3656 dolor
558 3615 614 3657 eos
626 3579 828 3677 aliquatenus
840 3597 973 3674 cruciet,
983 3598 1040 3680 qui
1050 3596 1111 3658 tori
1122 3595 1295 3678 participes

339 3693 522 3769 admittunt,
531 3704 586 3755 aut
601 3692 736 3768 faciuut3
757 3696 913 3776 aegritudo
925 3707 1034 3759 tamen
1048 3696 1192 3758 utilitatis
1207 3716 1295 3758 com·

339 3793 459 3879 pendio
473 3794 644 3875 mitigatur,
661 3794 711 3855 vel
727 3794 839 3857 saltem
860 3796 980 3858 doloris
1001 3795 1180 3858 dissimulat
1193 3796 1294 3858 cruci·

338 3909 436 3961 atum.
482 3895 518 3959 Si
541 3894 628 3958 enim
650 3915 700 3956 res
722 3894 804 3957 serio
827 3909 948 3976 agatur,
965 3897 994 3959 si
1014 3895 1115 3959 libera
1137 3894 1296 3960 donentur

340 3999 466 4063 cunctis
482 3997 622 4082 judicia,
645 4017 710 4058 non
733 4005 781 4058 est
804 3996 906 4073 dolor,
927 3998 1009 4062 sicut
1033 3996 1125 4061 dolor
1146 3999 1209 4076 illa,
1231 4021 1294 4083 quo

341 4120 456 4183 corpus
472 4120 565 4163 suum
581 4097 654 4182 quis
667 4096 751 4161 ridet
766 4099 870 4163 aliena
885 4098 1019 4163 libidine
1030 4100 1141 4183 pollui.
1170 4100 1295 4165 Caetera

340 4219 479 4282 namque
491 4210 624 4283 peccata
636 4210 727 4262 extra
742 4220 858 4283 corpus
869 4211 959 4275 sunt;
976 4200 1033 4264 sed
1048 4201 1103 4284 qui
1112 4200 1293 4281 fornicatur,

339 4299 373 4362 in
398 4322 513 4384 corpus
535 4322 625 4363 suum
648 4310 770 4383 peccat.
817 4302 905 4378 Hoc,
920 4300 1036 4383 iuquit,
1051 4322 1087 4363 os
1107 4322 1146 4363 ex
1169 4304 1295 4367 ossibus

342 4398 432 4480 meis,
448 4413 480 4465 et
494 4423 569 4465 caro
590 4400 631 4464 de
651 4423 745 4465 carue
762 4423 843 4479 mea,
860 4412 894 4465 ut
912 4402 982 4488 jam
1007 4423 1072 4465 non
1093 4402 1156 4466 duo
1172 4404 1236 4468 sint
1251 4406 1296 4469 vir
