3575 5575
518 773 560 836 ts
782 787 919 833 rosuurs
935 787 1211 833 ssansanmuusrs
1333 773 1417 848 [tra.
1433 795 1470 838 11.

568 1065 649 1153 Cap.
668 1072 717 1132 11.
741 1069 844 1151 Siqua
860 1087 926 1132 ease
939 1085 1011 1149 que
1026 1073 1138 1130 contra
1152 1071 1422 1152 naturamfiunt.

563 1235 647 1305 Qun
665 1250 740 1292 vero
761 1224 946 1311 hujusmodi
962 1237 1094 1310 stupore
1116 1224 1261 1309 dignuin
1282 1224 1331 1288 bis
1350 1227 1472 1292 coutin-

519 1344 611 1418 gunt‚
640 1330 829 1416 plerumque
859 1327 950 1410 signa
974 1349 1041 1390 esse
1065 1347 1128 1388 non
1158 1326 1303 1413 ambigit,
1327 1328 1473 1414 quisquis

519 1433 708 1518 evangelicoe
720 1429 935 1516 promissionis
944 1427 1081 1492 fideliter
1096 1428 1249 1505 meminit,
1260 1451 1363 1514 quum
1374 1432 1474 1516 scrip·

520 1549 586 1601 tum
603 1536 662 1600 sit:
691 1535 799 1596 Erunt
815 1531 906 1616 signa
921 1530 952 1594 in
969 1529 1053 1611 Sole,
1068 1542 1100 1593 et
1121 1533 1226 1608 Luna,
1241 1543 1273 1595 et
1289 1530 1398 1608 stellis,
1414 1532 1472 1598 &c

518 1642 569 1704 Ea
595 1650 700 1701 tamen
722 1656 795 1720 quoe
821 1633 872 1696 bic
896 1631 1168 1717 praenunciantur,
1194 1633 1261 1696 sine
1286 1634 1474 1719 praejudicio

518 1738 682 1805 sententiae
703 1736 854 1812 melioris,
876 1756 914 1798 ea
939 1733 1148 1818 intelligenda
1172 1733 1320 1812 arbitror,
1343 1759 1416 1821 quae
1441 1736 1472 1800 in

518 1843 568 1906 his
582 1853 693 1904 contra
706 1851 852 1903 naturam
867 1839 968 1911 fiunt;
996 1837 1090 1921 quale
1111 1849 1159 1901 est
1175 1837 1262 1922 quod
1281 1838 1314 1900 in
1329 1839 1473 1922 passione

520 1942 651 2008 Domini
683 1941 737 2004 Sol
764 1940 953 2004 obscuratus
982 1951 1040 2013 est,
1067 1938 1172 2002 velum
1203 1938 1345 2021 scissum,
1374 1953 1474 2027 petroe

519 2058 637 2131 ruptae,
652 2055 763 2129 aperta
784 2053 998 2116 monumenta,
1013 2050 1047 2103 et
1066 2053 1248 2105 sanctorum
1270 2065 1403 2129 corpora
1417 2047 1475 2130 qui

520 2145 714 2210 dormierant
745 2155 964 2208 surrexerunt.
1009 2142 1174 2206 Naturalis
1202 2143 1317 2206 etenim
1348 2144 1475 2231 eclipsis

520 2270 587 2312 esse
598 2270 659 2311 non
672 2245 789 2333 potuit,
798 2268 873 2333 quae
882 2243 1005 2308 lunaris
1016 2244 1295 2331 corporisobjectu
1305 2246 1475 2334 contingit,

520 2372 618 2435 quum
638 2361 760 2438 constet
779 2347 881 2434 pridie
905 2347 1032 2411 Lunam
1056 2369 1115 2412 xlv
1137 2347 1288 2426 extitisse,
1310 2348 1369 2413 nisi
1392 2350 1475 2416 forte

521 2451 649 2539 quiade
671 2453 694 2514 J
697 2450 809 2516 udaica
832 2449 965 2535 perfidia
984 2450 1217 2514 incredulitatis
1238 2475 1303 2516 suae
1325 2453 1474 2518 solatium

521 2565 701 2627 mutuatum
725 2574 865 2616 asserens
876 2573 949 2613 cum
965 2550 1010 2614 eis
1025 2555 1182 2614 Venerem
1194 2564 1272 2616 tunc
1284 2555 1317 2616 iu
1330 2551 1475 2639 ecliptica

520 2653 602 2719 linea
617 2655 682 2721 Soli
704 2655 802 2718 fuisse
824 2655 1015 2741 oppositam,
1031 2676 1105 2739 quae
1128 2654 1257 2740 quidem
1281 2677 1396 2741 magna
1415 2671 1474 2734 est,

518 2766 551 2823 et
566 2768 601 2822 nt
618 2756 769 2843 astrologi
791 2756 936 2837 tradunt,
950 2754 1017 2820 sola
1031 2755 1072 2819 de
1095 2758 1239 2843 quinque
1259 2757 1417 2823 sideribus
1435 2758 1475 2824 de

518 2872 611 2923 nocte
634 2858 780 2922 umbram
801 2858 841 2921 de
864 2879 897 2920 se
919 2857 1049 2933 emittit,
1073 2869 1109 2921 ut
1133 2856 1237 2921 Luna.
1283 2858 1378 2935 Quod
1398 2859 1475 2946 quia

519 2984 577 3025 nec
599 2960 680 3024 ratio
701 2960 828 3043 probat,
844 2981 902 3022 nec
924 2957 1109 3035 auctoritas,
1124 2971 1180 3024 aut
1203 2959 1284 3023 fides
1306 2961 1474 3046 approbat,

519 3060 710 3150 repudiatur
734 3075 769 3125 ut
792 3059 896 3126 futile.
944 3062 978 3125 Si
999 3061 1084 3125 enim
1110 3061 1191 3125 adeo
1212 3065 1405 3129 luminosum
1427 3077 1475 3129 est

520 3163 651 3230 Veneris
661 3185 789 3248 corpus„
804 3161 966 3248 quomodo
982 3175 1086 3227 tantas
1101 3163 1186 3249 parit
1203 3164 1371 3229 tenebras?
1395 3169 1474 3231 Dio·

520 3271 630 3353 nysius
646 3262 839 3350 Areopagita
855 3264 888 3328 in
904 3264 1050 3351 Epistola
1064 3265 1105 3329 ad
1123 3264 1337 3352 Polycarpum
1353 3268 1474 3346 scribit,

521 3392 554 3433 se
569 3380 601 3433 et
616 3368 725 3455 plures
738 3367 815 3431 alios
835 3366 1097 3454 philosophantes
1118 3380 1193 3433 tunc
1215 3367 1331 3433 vidisse
1347 3369 1474 3433 Lunam

522 3470 588 3537 Soli
614 3470 815 3535 incidentem.
861 3472 907 3533 Et
931 3469 1061 3555 quidem
1089 3483 1200 3535 contra
1225 3483 1384 3547 naturam,
1410 3492 1475 3534 non

519 3575 602 3639 enim
619 3582 687 3637 erat
701 3575 804 3635 coitus
819 3584 955 3657 tempus.
998 3571 1094 3649 Quod
1108 3572 1137 3635 ei
1153 3573 1356 3659 postmodum
1374 3572 1476 3638 Paulo

518 3677 723 3764 praedicante,
734 3672 947 3737 conversionis
958 3673 1048 3737 dedit
1057 3674 1262 3739 occasionem.
1287 3675 1475 3739 Sciotameu

518 3781 624 3868 plures
639 3778 732 3843 aliter
755 3790 833 3841 tunc
856 3776 1027 3861 loquutos;
1058 3776 1112 3839 sed
1128 3777 1321 3863 Dionysium
1339 3775 1476 3861 praefero

518 3879 683 3957 universis,
714 3877 790 3964 quia
819 3877 909 3963 quod
940 3876 1031 3957 vidit,
1061 3878 1206 3963 scripsit3
1246 3877 1299 3941 alii
1330 3876 1476 3962 proprias

519 3994 697 4067 sequuntur
719 3980 893 4065 opiniones.
938 3981 1020 4042 Sunt
1044 3992 1149 4043 autem
1173 3981 1264 4064 signa
1284 3979 1476 4065 plerumque

518 4105 581 4147 non
608 4079 703 4144 modo
724 4079 926 4157 universalia,
952 4079 1008 4143 sed
1034 4093 1066 4144 et
1091 4082 1261 4164 generalia,
1286 4083 1369 4146 sicut
1394 4080 1477 4145 illud

519 4180 607 4269 quod
623 4180 694 4243 Deo
708 4178 860 4244 moriente
877 4181 1015 4246 tenebra)
1031 4180 1124 4244 factae
1140 4196 1214 4247 sunt
1226 4205 1282 4269 per
1297 4183 1475 4247 universam

519 4298 648 4361 terram,
662 4281 703 4345 ab
719 4281 796 4343 hora
812 4294 902 4345 sexta
917 4282 1074 4367 usquead
1090 4304 1219 4355 nonam,
1235 4297 1267 4348 et
1284 4283 1371 4369 quod
1387 4282 1418 4348 in
1431 4284 1477 4348 eis

518 4383 708 4475 particulare
737 4397 795 4462 est,
826 4395 884 4448 aut
914 4383 1019 4447 minus
1051 4385 1241 4462 universale,
1268 4386 1476 4472 capacitatem
