3575 5575
484 815 549 876 220
751 827 888 874 rosums
903 827 1179 874 sanusnsnmusrs
1292 811 1374 891 [ms.
1390 831 1434 876 rv.

486 980 587 1044 inesse
601 979 809 1065 principibus,
825 979 902 1043 dum
918 979 1061 1043 homines
1080 979 1214 1043 nutibus
1229 1002 1339 1044 eorum
1355 979 1436 1045 colla

487 1081 692 1158 submittunt,
714 1093 746 1145 et
773 1081 875 1146 securi
902 1079 1092 1166 plerumque
1114 1078 1270 1144 feriendas
1292 1083 1437 1166 praebent

485 1183 632 1261 cervices,
646 1196 678 1248 et
693 1181 831 1267 impulsu
847 1180 957 1244 divino
972 1181 1106 1267 quisque
1122 1183 1222 1255 timet,
1236 1181 1353 1268 quibus
1368 1183 1437 1267 ipse

488 1283 593 1349 timori
613 1297 670 1350 est.
715 1283 810 1362 Quod
830 1283 899 1346 fieri
920 1304 1011 1368 posse
1033 1304 1096 1344 non
1112 1283 1261 1360 arbitror,
1277 1286 1337 1348 nisi
1352 1296 1435 1348 nutu

487 1384 621 1460 faciente
636 1383 754 1449 divino.
799 1382 912 1447 Omnis
924 1382 1011 1445 enim
1028 1396 1168 1468 potestas
1183 1406 1201 1446 a
1216 1383 1345 1448 domino
1364 1388 1436 1451 Deo

486 1499 546 1562 est,
562 1497 682 1550 etcum
696 1485 753 1549 illo
766 1484 830 1548 fuit
843 1506 977 1569 semper,
990 1497 1021 1549 et
1037 1495 1169 1550 estante
1185 1509 1300 1551 aevum.
1338 1485 1435 1561 Quod

486 1587 587 1672 igitur
608 1589 754 1673 princeps
775 1596 892 1670 potest,
915 1585 960 1649 ita
982 1607 1001 1649 a
1023 1589 1094 1650 Deo
1116 1599 1175 1666 est,
1197 1601 1233 1652 ut
1254 1600 1396 1675 potestas
1417 1609 1438 1654 a

486 1688 626 1753 Domino
651 1710 713 1751 non
739 1686 875 1767 recedat,
898 1685 952 1750 sed
975 1709 1012 1750 ea
1035 1688 1139 1754 utitur
1160 1711 1218 1774 per
1240 1691 1436 1777 suppositam

486 1811 626 1865 manum,
641 1789 673 1852 in
688 1789 835 1854 omnibns
850 1787 1026 1852 doctrinam
1043 1788 1162 1855 faciens
1176 1790 1363 1870 clementiae,
1379 1805 1435 1859 aut

482 1891 619 1977 justitiae
641 1913 718 1956 suae.
763 1889 826 1967 Qui
849 1913 926 1975 ergo
946 1891 1065 1955 resistit
1086 1892 1248 1977 potestati,
1266 1896 1328 1958 Dei
1351 1893 1437 1958 ordi·

486 1992 605 2056 nationi
621 1991 748 2072 resistit,
763 2013 859 2076 penes
878 2013 973 2076 quern
994 2004 1041 2057 est
1060 1993 1235 2060 auctoritas
1255 1995 1437 2059 conferendi

486 2115 567 2173 eam,
595 2105 628 2158 et
656 2115 758 2179 quum
781 2092 863 2170 vult,
885 2091 1063 2171 auferendi,
1089 2093 1138 2156 vel
1167 2094 1331 2160 minuendi
1356 2120 1436 2162 eam.

486 2199 600 2281 Neque
612 2195 695 2258 enim
706 2193 845 2279 potentis
853 2207 912 2270 est,
923 2216 1026 2280 quum
1037 2192 1106 2258 vult
1120 2195 1227 2259 saevire
1236 2195 1267 2258 in
1281 2197 1437 2280 subditos,

486 2297 542 2361 sed
556 2297 672 2362 divinae
686 2294 939 2383 dispensationis,
951 2317 1010 2379 pro
1025 2295 1223 2381 beneplacito
1238 2319 1296 2362 suo
1311 2299 1437 2384 punire,

486 2398 536 2461 vel
561 2420 705 2462 exercere
731 2397 901 2482 subjectos.
945 2395 1041 2462 Unde
1067 2409 1101 2461 et
1129 2398 1162 2461 iu
1190 2400 1437 2486 persequutione

487 2500 694 2575 Hunnorum,
710 2497 812 2563 Attila
827 2497 1042 2582 interrogatus
1062 2521 1082 2562 a
1103 2498 1248 2584 religioso
1269 2501 1436 2586 cujusdam

487 2599 624 2665 civitatis
630 2600 802 2686 Episcopo,
812 2599 886 2684 quis
896 2611 993 2676 esset3
1008 2624 1108 2686 quum
1119 2600 1330 2688 respondisset
1338 2616 1352 2666 ε’
1362 2604 1437 2688 Ego

486 2725 557 2768 sum
572 2700 675 2767 Attila
688 2699 852 2786 flagellum
863 2700 938 2779 Dei,
954 2716 1122 2769 veneratus
1136 2703 1167 2767 in
1184 2726 1221 2768 eo
1236 2715 1272 2768 ut
1288 2697 1437 2770 scribitur

485 2805 624 2870 divinam
642 2805 837 2891 majestatem
852 2805 1038 2893 episcopus;
1068 2808 1166 2884 Bene,
1182 2806 1301 2894 iuquit,
1317 2809 1437 2876 venerit

485 2908 629 2971 minister
645 2907 727 2970 Dei:
751 2920 784 2970 et
798 2907 897 2972 illud:
936 2906 1129 2973 Benedictus
1152 2910 1209 2995 qui
1228 2910 1361 2975 venitin
1382 2934 1439 2976 no·

487 3009 571 3071 mine
597 3007 728 3072 Domini
752 3008 962 3093 ingeminare,
984 3009 1127 3075 reseratis
1153 3010 1291 3076 ecclesiae
1316 3012 1442 3077 foribus

486 3123 746 3196 persequutorem
766 3110 905 3189 admisit,
928 3135 985 3196 per
1007 3135 1103 3198 quem
1125 3127 1157 3177 et
1177 3128 1370 3201 assequutus
1390 3128 1438 3181 est
1521 3126 1526 3136 '

485 3212 628 3297 martyrii
644 3216 792 3298 palmam.
830 3211 1009 3299 Flagellum
1025 3214 1107 3278 enim
1123 3215 1252 3279 Domini
1268 3216 1437 3281 excludere

486 3334 550 3376 non
564 3313 714 3390 audebat,
730 3315 830 3377 sciens
850 3313 928 3399 quia
942 3314 1077 3379 dilectus
1092 3310 1178 3377 filius
1197 3313 1389 3399 flagellatur,
1405 3328 1437 3381 et

486 3436 544 3478 uec
557 3414 659 3499 ipsius
672 3413 790 3499 flagelli
805 3438 871 3479 esse
887 3414 947 3478 nisi
962 3437 981 3479 a
997 3415 1136 3479 Domino
1151 3426 1355 3497 potestatem.
1403 3416 1438 3481 si

486 3518 596 3602 itaque
616 3515 697 3579 adeo
718 3516 905 3581 venerabilis
929 3530 976 3581 est
997 3515 1090 3581 bonis
1111 3528 1263 3602 potestas,
1285 3517 1382 3583 etiam
1403 3521 1437 3584 in

486 3616 581 3704 plaga
594 3618 776 3694 electorum,
793 3619 866 3703 quis
880 3639 950 3681 eam
965 3638 1028 3680 uon
1044 3631 1225 3697 veneretur,
1239 3641 1314 3703 quae
1329 3642 1349 3683 a
1370 3624 1437 3685 Do*

486 3722 571 3785 mino
590 3718 738 3784 instituta
758 3732 817 3795 est,
836 3718 878 3782 ad
901 3716 1072 3782 vindictam
1096 3717 1347 3795 malefactorum,
1369 3719 1436 3785 lau·

486 3823 559 3888 dem
574 3846 649 3887 vero
660 3824 828 3902 bonorum,
839 3835 871 3885 et
881 3822 1008 3907 legibus
1019 3821 1189 3888 devotione
1200 3824 1436 3910 promptissima

485 3924 680 3990 famulatur?
703 3926 811 4009 Digna
820 3923 977 4009 siquidem
994 3949 1057 3991 vox
1069 3938 1127 4003 est,
1139 3936 1175 3989 ut
1186 3926 1230 3989 ait
1246 3927 1436 4011 Imperator,

484 4027 648 4111 majestate
671 4026 845 4111 regnantis,
863 4050 897 4089 se
920 4027 1046 4111 legibus
1068 4027 1234 4111 alligatum
1258 4029 1434 4115 principem

483 4126 635 4214 profiteri.
680 4126 765 4201 Quia
779 4126 819 4190 de
836 4126 922 4213 juris
936 4127 1136 4204 auctoritate,
1152 4128 1305 4215 principis
1319 4130 1437 4215 pendet

484 4227 674 4301 auctoritas3
702 4239 735 4291 et
757 4250 867 4291 revera
888 4228 991 4314 majus
1013 4226 1148 4312 imperio
1171 4243 1230 4305 est,
1254 4228 1438 4296 submittere

485 4329 608 4415 legibus
636 4328 869 4415 principatum3
906 4343 941 4393 ut
973 4330 1052 4394 nibil
1081 4329 1140 4394 sibi
1171 4332 1319 4417 princeps
1345 4332 1437 4399 licere

486 4435 644 4519 opinetur,
661 4431 747 4518 quod
765 4456 783 4497 a
793 4432 932 4519 justitiae
950 4430 1100 4518 aequitate
1116 4432 1284 4498 discordet.
