3575 5575
1151 345 1159 394 l

887 441 898 452 .
959 271 1137 598 W
1163 411 1433 488 ama
1456 409 1696 574 milliar

329 801 399 846 cru.
415 782 464 862 a]
679 797 935 843 Ponrcnrrrous.
1220 784 1280 843 189

433 947 530 1002 Vultus
541 948 617 1001 adest
628 948 756 1019 precihus,
768 947 901 1016 faciesque
912 949 1011 1000 incesta
1023 952 1133 1016 perorat.

329 1047 436 1120 Quum
451 1067 525 1109 vero
536 1046 642 1109 Julius
653 1047 748 1108 rebus
763 1044 911 1108 humanis
923 1035 1093 1128 eiremptus
1105 1051 1199 1121 esset,
1210 1065 1281 1127 quae

326 1147 465 1210 Romani
494 1146 692 1230 imperatoris
719 1146 869 1230 conjugio
894 1146 997 1209 fuerat
1026 1145 1168 1226 gloriata,
1193 1145 1280 1228 prin-

329 1251 411 1334 cipis
427 1250 645 1312 Romanorum
661 1270 738 1312 ausa
753 1259 800 1311 est
815 1250 965 1312 affectare
981 1248 1173 1311 servitutem.
1209 1247 1280 1310 Nec

328 1353 452 1427 frustra,
468 1371 569 1433 quum
584 1350 626 1413 ad
637 1351 747 1413 omnia
756 1362 902 1433 paratum
914 1350 1086 1413 invenisset
1098 1350 1280 1412 Antonium.

329 1453 469 1516 Putabat
484 1452 570 1514 enim
593 1451 635 1514 ad
659 1452 818 1514 Caesarem
834 1452 968 1532 gloriam
984 1451 1045 1513 sibi
1067 1450 1147 1513 nihil
1164 1450 1282 1526 defore,

330 1552 358 1615 si
371 1553 492 1614 lectum
513 1551 582 1635 ejus
603 1550 799 1629 ascenderet,
815 1548 869 1634 qui
889 1570 1056 1613 successor
1069 1571 1173 1613 rerum
1188 1551 1283 1613 Pom-

330 1653 407 1737 peii,
418 1660 451 1714 et
461 1661 496 1714 ut
507 1652 677 1714 simulabat
685 1650 769 1733 juris
781 1650 1043 1731 Caesarei,magis
1054 1651 1095 1713 de
1108 1652 1283 1715 temeritate

331 1757 478 1829 sortunae,
504 1773 600 1834 quam
629 1753 671 1815 de
701 1752 824 1815 virtutis
854 1751 1053 1815 conscientia
1081 1751 1283 1828 confidebat:

331 1855 431 1916 Porro
446 1873 545 1936 quum
561 1852 601 1915 ad
616 1851 839 1938 solicitandum
856 1853 1033 1934 Augustum
1049 1851 1211 1914 muliebris
1225 1851 1283 1914 im-

332 1954 498 2040 pudicitiae
507 1954 643 2018 audacia
654 1955 836 2031 accesisset,
846 1975 903 2036 spe
913 1974 971 2017 sua
980 1953 1135 2030 frustrata,
1145 1974 1284 2016 amorem

332 2055 511 2119 honestatis
532 2056 689 2137 reputavit
713 2054 870 2136 injuriam,
893 2053 1032 2118 castitati
1054 2075 1173 2117 nomen
1196 2055 1284 2118 dedit

334 2157 501 2238 superbias,
525 2157 708 2240 bellumque
734 2156 872 2219 credidit
892 2156 1102 2219 indicendum
1126 2157 1167 2234 ei,
1190 2179 1284 2240 quem

331 2259 420 2324 Julio
436 2259 563 2324 Caesare
578 2269 711 2342 experta
726 2259 828 2321 fuerat
843 2259 1014 2320 fortiorem.
1059 2259 1180 2321 Omnes
1201 2257 1283 2320 enim

335 2361 474 2423 nocendi
484 2371 567 2424 artes
577 2381 726 2440 aggressa
738 2370 797 2436 est,
805 2358 999 2442 tandemque
1012 2369 1118 2440 capta,
1131 2369 1163 2422 et
1173 2380 1285 2442 provo·

333 2462 401 2523 luta
423 2461 463 2523 ad
486 2458 585 2544 pedes
599 2461 746 2540 Augusti,
761 2460 856 2523 etiam
880 2469 956 2522 tunc
979 2459 1152 2522 solicitavit
1173 2462 1285 2524 oculos

333 2561 435 2625 ducis.
481 2560 546 2624 Sed
562 2561 677 2624 frustra
697 2559 836 2643 quidem.
888 2560 974 2620 Nam
994 2558 1201 2641 pulchritudo
1217 2560 1286 2643 ejus

331 2663 413 2726 infra
427 2660 617 2743 pudicitiam
641 2657 796 2741 principis
811 2658 882 2719 fuit.
928 2658 1022 2730 Quod
1045 2660 1099 2720 ubi
1121 2659 1287 2741 desperata

334 2784 369 2825 sc
392 2761 434 2824 ad
456 2761 651 2843 triumphum
668 2758 796 2821 victoris
817 2758 972 2840 praenorit
991 2759 1155 2833 reservari,
1176 2758 1286 2822 incau-

335 2864 448 2925 tiorem
473 2869 571 2923 nacta
595 2858 785 2934 custodiam,
807 2878 944 2938 egressa,
971 2860 1060 2922 sein
1083 2860 1286 2924 Mausoleum

335 2983 446 3043 regum
471 2962 604 3043 recepit,
624 2960 733 3043 ibique
758 2960 969 3023 nobilissimis
992 2982 1034 3024 ex
1060 2983 1147 3025 more
1173 2961 1288 3025 induta

336 3064 488 3137 cultibus,
501 3062 655 3125 odoribus
667 3061 868 3143 conquisitis,
877 3061 1022 3144 solioque
1034 3062 1155 3125 divitiis
1170 3084 1286 3148 usque-

336 3186 463 3250 quaque
485 3164 612 3240 referto,
626 3184 661 3225 se
679 3162 777 3245 juxta
799 3183 889 3226 suum
913 3164 1081 3226 collocavit
1101 3166 1287 3244 Antonium,

335 3277 367 3331 ct
381 3266 530 3330 mamillis
544 3265 695 3349 venisque
711 3265 778 3327 suis
793 3286 961 3349 apponens
977 3265 1116 3348 aspides,
1128 3266 1174 3329 sic
1186 3279 1287 3331 morte

335 3370 426 3453 quasi
441 3389 555 3432 somno
577 3368 717 3432 resoluta
732 3376 789 3430 est.
834 3368 936 3449 Psylli
959 3367 1130 3452 siquidem,
1152 3370 1289 3451 Augusti

335 3467 486 3530 mandato
504 3466 652 3543 adhibiti,
668 3466 723 3551 qni
745 3466 900 3529 malitiam
916 3466 1031 3529 veneni
1051 3468 1156 3530 solent
1169 3469 1289 3550 linguis

337 3568 485 3643 educere,
500 3589 538 3630 eo
559 3567 648 3648 quod
666 3589 736 3630 sero
750 3568 856 3630 vocati
878 3577 998 3646 essent,
1013 3589 1108 3651 opem
1125 3570 1202 3633 ferre
1223 3592 1288 3632 non

336 3671 512 3731 valuerunt.
557 3669 668 3749 Digna
688 3668 820 3752 quidem
841 3670 887 3731 sic
908 3670 1010 3750 perire
1031 3671 1179 3733 meretrix
1193 3691 1289 3733 vene·

336 3792 429 3846 noca,
450 3781 528 3833 nata
549 3790 652 3831 mores
678 3790 891 3852 corrumpere,
913 3770 1131 3852 nobiliumque
1153 3771 1289 3833 virorum

336 3870 522 3953 pudicitiam
537 3890 733 3953 expugnare.
775 3868 922 3932 Profecto
938 3878 1032 3932 antea
1046 3869 1174 3949 regibus
1188 3871 1287 3954 impe-

337 3983 469 4049 raverat,
483 3970 688 4055 postmodum
709 3970 834 4048 misera,
848 3992 909 4033 nec
930 3970 1117 4034 miserabilis
1133 3972 1195 4035 sibi
1210 3973 1288 4035 sorte

318 4073 512 4173 Q,
545 4071 603 4135 sed
640 4072 789 4135 Romano
818 4072 961 4155 imperio,
990 4071 1078 4154 qnod
1107 4074 1289 4137 subvertere

338 4174 538 4252 moliebatur,
553 4174 652 4237 finem
671 4173 841 4238 Comicum
856 4174 941 4238 seuit.
988 4175 1075 4237 Inter
1094 4186 1209 4239 caetera
1224 4177 1289 4239 cla·

338 4273 473 4336 rioribus
488 4276 624 4357 Augusti
647 4251 1024 4352 tit'dl'is'd'dffir'dmeratun
1040 4276 1127 4359 quod
1142 4276 1175 4337 in
1190 4286 1288 4338 tantae

340 4373 440 4455 pestis
465 4394 649 4455 congressu,
675 4375 792 4438 mansit
821 4376 969 4439 invictus.
1015 4378 1229 4439 Veruntamen
1254 4378 1288 4439 in
