3575 5575
343 812 414 857 car.
431 795 478 874 v.]
709 815 965 862 mercnarrcus.

452 965 484 1016 ln
494 964 581 1034 precio
592 965 707 1035 precium
718 983 785 1018 nnnc
797 970 846 1028 est,
858 965 905 1017 dat
916 984 1007 1020 census
1018 968 1127 1021 bonores
1185 1031 1187 1038 Α

481 1049 584 1101 Census
595 1048 722 1100 amicitias
733 1067 739 1101 r
757 1066 855 1119 pauper
866 1049 962 1118 ubique
969 1053 1051 1123 jacet.

343 1149 454 1232 Longe
477 1147 589 1212 utilius
615 1147 748 1233 quidam
772 1171 896 1212 omnem
920 1151 1083 1216 materiam
1101 1152 1295 1238 jurgiorum,

342 1263 374 1314 et
389 1273 514 1314 causam
538 1250 615 1330 odii,
630 1274 649 1314 a
664 1248 730 1314 suis
750 1251 986 1338 rebuspublicis
1005 1254 1216 1318 exterminare
1231 1268 1299 1320 stu·

341 1351 494 1431 duerunt,
525 1364 561 1415 ut
588 1375 683 1416 causa
710 1352 886 1432 deficiente,
912 1353 1044 1418 effectus
1075 1355 1204 1420 malitiae
1227 1380 1300 1420 eva-

343 1464 502 1515 nesceret:
533 1451 627 1536 quale
643 1464 690 1514 est
706 1451 869 1515 decretum
887 1453 1032 1539 Lycurgi
1048 1455 1134 1540 apud
1147 1455 1297 1521 Lacedae-

343 1574 460 1633 mones,
476 1566 508 1616 et
527 1553 559 1615 in
586 1552 718 1638 antiqua
740 1553 878 1628 Graecia,
899 1576 972 1638 quae
992 1577 1077 1618 nunc
1096 1579 1170 1640 pars
1196 1558 1298 1624 ltaliae

342 1668 402 1734 est,
428 1656 525 1720 Samii
549 1655 692 1719 doctrina
719 1654 926 1740 Pythagorae,
951 1656 1009 1740 qui
1035 1658 1298 1722 constitutionum

345 1779 474 1820 suarum
501 1758 613 1821 robore
638 1769 670 1819 et
698 1759 830 1832 virtute,
862 1769 962 1820 totam
991 1757 1130 1822 traditur
1160 1782 1298 1825 servasse

345 1860 481 1924 ltaliam.
528 1860 661 1924 Utinam
684 1880 797 1924 aurum
820 1881 890 1923 cum
912 1872 1043 1944 argento
1065 1859 1204 1937 vilescat,
1221 1862 1296 1928 dum

345 1960 385 2024 sit
401 1960 466 2024 sola
482 1959 584 2022 virtus
598 1959 630 2023 in
653 1959 770 2045 precio,
786 1971 818 2023 et
835 1959 889 2022 illa
912 1982 1051 2044 quorum
1067 1982 1160 2023 usum
1177 1963 1299 2045 optima

343 2062 410 2125 dux
426 2061 554 2125 vivendi
569 2075 695 2137 natura,
711 2060 923 2124 commendat·
967 2063 1094 2145 Pauper
1108 2061 1218 2147 itaque
1234 2086 1296 2127 non

243 2179 248 2189 ’
339 2163 470 2246 jacebit,
486 2184 542 2225 nec
551 2161 641 2224 dives
651 2160 746 2224 solius
757 2162 901 2246 pecuniae
913 2161 1066 2225 beneficio
1078 2162 1298 2242 honorabitur,

343 2262 650 2348 dumnnusquisque
672 2262 721 2325 sui
743 2263 843 2348 ipsius
865 2265 940 2328 dote
965 2262 1024 2328 erit
1047 2265 1080 2327 in
1105 2264 1223 2350 precio,
1248 2266 1298 2329 vel

344 2366 482 2429 vilescet.
526 2369 627 2429 Porro
649 2363 798 2450 quaedam
821 2387 840 2427 a
862 2388 907 2443 se,
929 2365 1075 2450 quaedam
1099 2367 1139 2430 ab
1162 2366 1297 2430 aliorum

343 2468 490 2553 opinione
513 2467 632 2530 habeut
647 2466 745 2552 precii
770 2467 971 2552 dignitatem.
1017 2465 1112 2532 Panis
1128 2469 1297 2555 siquidem,

343 2584 397 2635 aut
415 2569 573 2645 victualia,
590 2589 665 2654 quae
680 2570 713 2634 in
729 2568 898 2648 alimentis,
913 2582 969 2633 aut
984 2569 1178 2636 indumentis
1193 2594 1300 2634 neces·

343 2672 432 2735 seriis
446 2684 604 2748 constant,
619 2670 760 2734 dictante
775 2685 888 2734 natura
912 2683 986 2734 sunt
1005 2672 1124 2756 ubique
1140 2683 1297 2736 terrarum

343 2774 375 2836 iu
392 2775 507 2859 precio.
553 2773 752 2849 Quaesensus
764 2771 936 2849 oblectant,
953 2771 1139 2836 naturaliter
1148 2773 1298 2838 omnibus

344 2888 437 2959 grata
459 2886 542 2937 sunt.
589 2870 677 2945 Quid
707 2872 832 2937 multa?
871 2874 952 2951 Quae
975 2885 1099 2938 naturae
1126 2886 1212 2954 sunt,
1234 2897 1296 2940 non

344 2975 439 3066 modo
450 2973 580 3046 eadem,
598 2974 651 3038 sed
664 2975 773 3060 vigent
783 2975 868 3061 apud
880 2998 998 3040 omnes.
1044 2978 1126 3050 Quae
1138 2975 1297 3062 opinionis

342 3078 511 3141 arbitrium
521 3091 709 3163 sequuntur,
720 3078 939 3143 incertasuntr
955 3092 987 3142 et
1000 3076 1079 3141 sicut
1087 3078 1128 3141 ad
1143 3078 1297 3165 placitum

344 3194 430 3259 sunt,
445 3182 489 3245 ita
504 3193 534 3243 et
551 3179 592 3243 ad
607 3181 761 3266 placitum
778 3193 979 3244 evanescunt.
1019 3184 1092 3244 Non
1105 3180 1209 3244 fuerat
1221 3204 1297 3266 ergo

346 3283 521 3348 timendum
534 3284 738 3367 Imperatori,
752 3306 792 3347 ne
805 3283 935 3347 materia
944 3283 1204 3348 commerciorum
1219 3282 1299 3346 defi-

342 3384 860 3470 ceret,quumetiamadhucapud
871 3383 1135 3449 illosvenalitium
1146 3382 1298 3469 frequens

343 3487 395 3562 sit,
404 3487 460 3569 qui
472 3486 638 3569 pecuniam
649 3508 710 3549 non
724 3498 891 3551 noverunt.
940 3486 1011 3550 Scio
1027 3485 1187 3572 equidem,
1199 3498 1298 3550 tantae

344 3584 506 3670 sapientiae
521 3586 617 3648 fuisse
635 3586 845 3664 Salomonem,
860 3601 897 3652 ut
912 3610 1074 3675 nunquam
1091 3586 1245 3661 timuerit,
1258 3609 1297 3650 ne

344 3708 458 3750 aurum
466 3698 496 3749 et
503 3697 670 3769 argentum
679 3686 841 3752 vilesceret
850 3690 997 3775 posteris,
1005 3708 1140 3772 quorum
1151 3700 1299 3750 naturam

344 3787 476 3852 videbat
484 3783 783 3860 essefamelicam,et
795 3810 854 3872 pro
863 3801 955 3873 parte
965 3785 1187 3850 maximanihil
1200 3786 1298 3863 aliud,

344 3911 441 3976 quam
456 3890 620 3973 pecuniam
636 3888 766 3952 esurire.
788 3886 886 3951 Unde
904 3909 959 3971 per
976 3886 1162 3971 inspiratam
1178 3885 1300 3971 sapien-

344 3988 703 4073 tiam,hancrubiginem
718 4011 774 4053 rex
784 3989 950 4052 contemsit
962 3986 1118 4073 egregius,
1129 3988 1213 4052 utad
1223 4011 1296 4053 con·

344 4105 477 4157 temtum
495 4090 638 4177 pecuniae
654 4090 805 4177 suiipsius
820 4088 967 4174 exemplo
978 4101 1121 4175 posteros
1136 4088 1294 4154 invitaret.

346 4195 506 4258 Praeterea
520 4216 626 4277 regem
641 4215 708 4257 esse
722 4191 853 4279 expedit
875 4192 1052 4277 copiosum,
1066 4190 1112 4255 ita
1127 4204 1244 4268 tamen,
1261 4204 1298 4255 ut

345 4293 473 4357 divitias
496 4316 568 4357 suas
591 4292 701 4379 populi
725 4304 864 4379 reputet.
910 4292 984 4353 Non
1000 4291 1129 4355 habebit
1153 4312 1229 4374 ergo
1250 4289 1297 4353 di·

348 4392 450 4469 vitias,
466 4415 546 4476 quas
569 4392 693 4456 nomine
714 4392 816 4455 alieno
837 4390 992 4476 possidet,
1013 4413 1071 4455 nec
1095 4391 1154 4456 sibi
1174 4390 1298 4476 privata
