3575 5575
489 791 530 850 96
749 802 885 847 maurus
902 800 1183 846 sanusnaamusrs
1309 783 1393 862 [niu.
1409 802 1447 846 11.

601 951 645 1004 Sic
657 949 754 1014 oculos,
766 951 803 1003 sic
814 950 858 1003 ille
870 967 970 1014 manus,
982 952 1019 1002 sic
1031 967 1076 1002 ora
1086 949 1198 1011 serebat,

599 1037 634 1088 ut
644 1054 712 1089 nunc
723 1035 817 1106 aquali
827 1041 916 1089 tecum
926 1036 1080 1106 pubesceret
1090 1051 1155 1088 iero.

497 1163 614 1226 Verum
630 1161 657 1226 si
672 1161 711 1226 ad
728 1160 914 1246 incorporea
924 1159 1149 1224 divertendum
1160 1171 1220 1234 est,
1232 1162 1356 1224 ratione
1368 1185 1451 1246 opus

495 1276 542 1328 est
557 1278 589 1328 et
604 1262 780 1339 intellectu,
796 1283 898 1348 quum
923 1263 1044 1347 absque
1065 1260 1275 1344 intelligentia
1295 1263 1365 1327 haec
1386 1285 1450 1327 nou

494 1363 621 1430 valeant
640 1363 876 1451 comprehendi,
892 1377 925 1429 et
940 1386 1049 1428 verum
1072 1385 1134 1427 nou
1150 1364 1250 1449 possit
1264 1387 1331 1428 esse
1345 1364 1385 1429 dc
1401 1366 1451 1431 his

495 1466 561 1532 sinc
583 1467 704 1532 ratione
721 1466 892 1552 judicium.
940 1465 1126 1532 Intellectus
1147 1466 1258 1552 itaque
1278 1465 1349 1531 aliis
1372 1467 1450 1532 defi-

494 1569 662 1647 cientibus,
683 1569 786 1634 exerit
807 1568 891 1634 vires
913 1591 997 1650 suas,
1019 1583 1052 1633 et
1074 1571 1166 1655 quasi
1188 1567 1221 1631 in
1243 1590 1314 1633 arce
1334 1569 1449 1636 animae

493 1672 687 1738 constitutus
699 1671 806 1736 omnia
818 1671 970 1735 inferiora
984 1670 1220 1758 complectitur,
1232 1691 1333 1755 quum
1348 1671 1390 1736 ab
1404 1675 1452 1737 in-

492 1770 658 1838 ferioribus
673 1773 838 1858 superiora
852 1782 1014 1858 nequeant
1028 1770 1266 1859 comprehendi.
1303 1771 1350 1838 Et
1361 1795 1445 1836 nunc

493 1872 623 1961 quidem
645 1895 696 1936 res
716 1885 753 1936 ut
775 1884 862 1951 sunt,
878 1895 963 1937 nunc
987 1872 1080 1938 aliter
1098 1872 1255 1947 intuetur,
1270 1894 1355 1939 nunc
1376 1879 1449 1939 sim·

493 1974 630 2062 pliciter,
655 1996 740 2039 nunc
768 1976 953 2060 composite,
978 1997 1063 2040 nunc
1092 1974 1245 2040 distincta
1272 1977 1450 2061 conjungit,

493 2099 579 2142 nunc
604 2076 774 2163 conjuncta
800 2074 960 2150 distrahit,
983 2089 1015 2141 et
1042 2075 1208 2162 disjungit.
1254 2076 1447 2164 Simpliciter

494 2201 572 2264 ergo
586 2176 703 2243 incedit
717 2176 911 2258 intellectus,
925 2176 1003 2241 dum
1023 2200 1089 2241 rem
1113 2178 1292 2264 quamlibet
1306 2189 1445 2242 coutem-

492 2280 613 2368 platur,
627 2292 707 2368 puta
728 2279 901 2357 hominem,
920 2302 1082 2366 equumve
1103 2279 1293 2366 concipiens.
1337 2281 1444 2357 Quum

493 2406 569 2448 vero
591 2405 640 2448 res
661 2382 768 2469 plures
788 2382 948 2467 gradatim
970 2381 1202 2469 complectitur,
1223 2381 1444 2467 compositioni

492 2483 650 2549 obnoxius
664 2495 721 2548 est.
761 2484 847 2547 Puta
862 2483 922 2547 hoc
936 2482 1144 2563 intellectum,
1158 2483 1316 2547 hominem
1333 2482 1444 2546 album

492 2608 651 2674 equumve
665 2606 792 2652 currere
810 2597 915 2649 mente
930 2584 1152 2671 complectens.
1189 2586 1358 2671 Disjuncta
1374 2607 1448 2649 con-

490 2687 611 2776 jungit,
628 2698 663 2753 ut
677 2687 703 2752 si

598 2822 724 2876 Humano
736 2824 816 2895 cupiti
828 2824 956 2877 cervicem
964 2824 1060 2894 jungat
1072 2825 1194 2893 equinam

694 2944 701 2958 .
716 2947 721 2959 .
736 2910 839 2961 ‚varias
851 2908 976 2961 inducens
986 2909 1100 2978 undique
1114 2908 1223 2980 plumas,

494 3045 542 3113 ut,
552 3034 650 3121 juxta
664 3049 803 3121 poetam,

912 3168 1031 3239 Turpiter
1041 3174 1127 3223 atrum

634 3255 744 3307 Desinat
754 3255 782 3307 iu
792 3254 890 3325 piscem
902 3254 995 3307 mulier
1006 3254 1117 3309 formosa
1128 3273 1246 3329 superno.

383 3383 386 3390 ’
494 3386 592 3449 Hunc
608 3407 682 3447 vero
696 3384 736 3447 ad
757 3384 921 3450 auditores
940 3408 1014 3449 suos
1030 3386 1127 3450 verbo
1143 3384 1306 3472 trajiciunt
1322 3386 1445 3465 Poetae,

492 3508 595 3572 quum
609 3484 837 3562 hircocervum,
852 3497 1041 3551 centaurum
1057 3486 1255 3564 describunt,
1270 3499 1302 3552 et
1318 3488 1445 3553 chimae-

491 3611 569 3653 ram.
616 3586 796 3674 Conjuncta
811 3610 886 3652 vero
908 3588 1077 3675 disjungit,
1094 3601 1132 3653 ut
1147 3592 1174 3654 si
1188 3590 1322 3654 sormam
1339 3601 1443 3655 teneat

491 3692 612 3778 absque
634 3688 776 3765 materia,
793 3713 896 3777 quum
918 3704 1023 3757 tamen
1046 3691 1112 3755 sine
1133 3715 1170 3756 ea
1192 3693 1295 3757 sonna
1317 3693 1446 3757 omuino

491 3815 639 3859 essenon
660 3792 770 3880 possit,
786 3792 846 3857 nisi
867 3794 972 3859 forma
994 3793 1131 3871 essendi,
1146 3807 1178 3859 et
1196 3794 1225 3858 ei
1245 3794 1443 3859 adhaerentes

490 3895 600 3960 formae
621 3896 807 3975 formarum,
830 3918 871 3961 ex
894 3896 1013 3982 quibus
1034 3896 1099 3960 illae
1121 3895 1294 3975 fluxerunt,
1314 3921 1388 3983 quae
1410 3895 1442 3959 in

490 3998 622 4060 materia
646 4010 773 4062 suntet
796 4022 913 4084 corpus
942 3998 1093 4064 efficiunt.
1140 3999 1241 4061 Porro
1264 4021 1366 4081 quum
1393 4021 1443 4062 res

491 4096 582 4162 aliter
597 4119 693 4182 quam
709 4100 782 4174 sint,
794 4101 1013 4186 componendo
1027 4099 1165 4185 inspicit,
1181 4122 1219 4162 eo
1234 4098 1321 4185 quod
1337 4121 1444 4164 cassus

491 4210 548 4276 est,
563 4209 595 4261 et
610 4218 748 4261 ererum
760 4197 894 4263 veritate
905 4198 1064 4275 deficiens,
1076 4198 1116 4263 ad
1131 4198 1291 4284 opinionis
1306 4221 1443 4263 errorem

491 4297 606 4384 vergit,
621 4308 653 4360 et
669 4296 693 4361 si
709 4320 775 4362 esse
797 4299 918 4375 asserit,
935 4299 1013 4365 velle
1037 4322 1098 4363 non
1114 4322 1192 4381 esse,
1207 4299 1301 4385 pleno
1316 4300 1443 4365 nomine

490 4398 597 4486 opinio
619 4410 676 4463 est.
723 4397 784 4463 Sed
808 4398 879 4464 licet
903 4400 994 4465 aliter
1016 4425 1112 4488 quam
1138 4402 1214 4481 sint,
1237 4402 1314 4468 dum
1338 4416 1443 4468 tamen
