3575 5575
478 811 542 874 822
743 819 878 866 roarms
893 817 1170 864 saunsnsmansrs
1306 798 1388 876 [um.
1404 819 1435 863 v.

480 977 552 1040 visu
566 982 721 1040 nocentes
736 983 821 1051 sunt,
835 972 978 1056 pupillas
1000 973 1035 1034 in
1051 970 1184 1051 siugulis
1200 970 1304 1034 oculis
1318 970 1437 1034 habere

482 1077 585 1140 binas.
629 1071 842 1157 Apollonides
878 1091 1006 1156 quoque
1039 1071 1198 1154 perhibet,
1234 1071 1269 1134 in
1304 1069 1439 1159 Scythia

482 1177 574 1241 nasci
596 1175 754 1251 soeminas,
775 1195 848 1258 quae
870 1173 988 1236 Bithiae
1012 1180 1175 1250 vocantur,
1196 1181 1228 1236 et
1249 1172 1381 1236 easdem
1402 1172 1437 1234 in

483 1279 587 1344 oculis
610 1277 705 1340 binas
729 1273 847 1340 habere
873 1274 1024 1358 pupillas,
1050 1283 1082 1336 et
1107 1274 1262 1355 perimere
1287 1275 1316 1338 si
1342 1293 1439 1357 quem

482 1382 554 1446 visu
574 1380 654 1444 forte
675 1378 764 1442 iratae
785 1377 979 1460 aspexerint.
1023 1377 1144 1439 Vereor
1165 1397 1206 1438 ne
1229 1376 1281 1440 his
1307 1374 1438 1456 cognati

485 1482 550 1544 sint
564 1480 693 1564 judices
712 1478 870 1543 iracundi.
916 1475 1064 1542 Tradunt
1086 1477 1181 1542 etiam
1197 1477 1439 1560 Physioguomi,

485 1581 613 1665 eosqui
632 1581 755 1646 habeut
774 1581 887 1644 oculos
907 1581 1100 1657 maculosos,
1115 1579 1156 1644 ad
1171 1581 1348 1664 nequitiam
1365 1599 1440 1663 pro·

485 1685 602 1748 niores.
647 1684 729 1756 Quae
753 1703 827 1745 rero
850 1681 891 1745 de
906 1682 1108 1765 praesidibus,
1124 1681 1254 1765 aliisque
1272 1680 1439 1764 judicibus

486 1787 575 1850 dicta
589 1793 674 1860 suut,
685 1785 805 1847 debent
816 1794 849 1847 et
863 1783 952 1867 apud
963 1785 1180 1867 proconsules,
1191 1805 1272 1868 quos
1284 1792 1441 1846 nostrates

477 1887 656 1971 ‘vulgariter
673 1885 786 1948 dicunt
803 1903 971 1948 susurrus
992 1905 1061 1947 esse
1081 1901 1270 1960 numme,
1285 1883 1439 1946 obtinere.

450 1981 453 1986 ’
485 1989 532 2050 Et
552 2007 670 2049 nomen
693 1984 822 2068 quidem
844 1985 969 2060 erroris,
991 1985 1049 2048 etsi
1071 2006 1138 2047 non
1160 1983 1280 2058 officio,
1295 1983 1442 2068 personis

485 2096 593 2150 tamen
622 2106 732 2148 eorum
763 2086 925 2158 convenit,
952 2087 1008 2169 qui
1032 2096 1144 2148 euntes
1170 2095 1245 2168 post
1270 2084 1439 2167 concupis-

487 2187 611 2252 centias
637 2207 721 2263 suae,
746 2187 780 2249 in
807 2196 930 2250 sectatu
959 2187 1110 2261 avaritiae,
1137 2195 1170 2251 et
1200 2186 1441 2270 depraedatione

486 2289 700 2374 popularium,
723 2311 743 2352 a
765 2288 889 2352 tramite
917 2288 1079 2372 aequitatis
1105 2291 1261 2352 aberrant.
1308 2289 1441 2352 Debent

487 2404 593 2457 autem
621 2391 728 2454 officia
753 2391 894 2454 omnium
920 2411 997 2454 esse·
1016 2391 1163 2472 gratuita,
1188 2401 1224 2455 ut
1249 2389 1331 2453 nihil
1359 2389 1442 2452 ultra

487 2502 640 2558 statutum
654 2491 812 2574 exigatur,
824 2492 881 2555 sed
897 2513 957 2555 nec
972 2493 1151 2577 recipiatur.
1190 2487 1255 2556 Sed
1267 2492 1347 2556 forte
1363 2486 1441 2574 quid

487 2603 641 2659 statutum
658 2593 710 2670 sit,
728 2593 853 2677 quaeris.
899 2593 1073 2657 Plebiscito
1097 2594 1290 2672 continetur,
1310 2614 1350 2656 uc
1369 2592 1441 2676 quia

487 2692 663 2778 praesidum
683 2714 800 2756 munus
819 2691 980 2756 donumve
1003 2704 1144 2776 caperet,
1160 2694 1223 2758 nisi
1242 2696 1442 2758 esculentum

487 2792 745 2876 poculentumve,
760 2800 793 2853 et
806 2789 842 2853 id
857 2790 988 2874 quidem
1003 2792 1085 2855 iutra
1101 2790 1171 2857 dies
1188 2792 1354 2875 proximos
1367 2812 1441 2875 pro·

489 2893 624 2976 digatur.
669 2890 765 2965 Quod
790 2903 822 2957 et
850 2891 891 2956 ad
921 2894 1142 2975 proconsules,
1168 2895 1312 2979 aliosque
1341 2893 1441 2974 magi·

490 3004 607 3058 stratus
627 3015 669 3057 ex
689 2993 840 3057 mandato
863 2992 1024 3078 Principis
1045 2997 1171 3060 transit.
1217 2998 1292 3059 Nou
1313 3017 1387 3059 sero
1407 2994 1442 3058 iu

488 3106 594 3161 totum
609 3094 729 3158 debent
743 3091 850 3156 xeniis
865 3094 1036 3174 abstinere,
1054 3096 1111 3159 sed
1132 3097 1262 3161 modum
1281 3097 1443 3161 adhibere.

491 3199 539 3263 Ut
553 3219 628 3262 vero
643 3218 703 3261 nec
722 3197 757 3258 in
776 3204 880 3260 totum
902 3197 1095 3277 abstineant,
1111 3220 1171 3263 uec
1195 3221 1288 3263 avare
1311 3199 1442 3263 modum

490 3300 660 3363 xeniorum
688 3296 862 3373 excedant,
895 3298 998 3361 Divus
1027 3300 1184 3377 Severus,
1201 3311 1232 3363 et
1264 3303 1347 3385 Imp.
1377 3302 1443 3363 An-

490 3400 622 3467 toninus
637 3399 869 3478 elegantissime
884 3410 959 3461 sunt
973 3402 1111 3483 epistola
1125 3400 1287 3465 moderati.
1339 3401 1442 3487 Cujus

491 3498 636 3584 epistolae
647 3498 743 3560 verba
755 3507 831 3561 sunt
844 3498 932 3561 haec:
956 3500 1121 3571 Quantum
1136 3501 1177 3567 ad
1185 3502 1283 3565 xenia
1293 3503 1445 3585 pertinet,

491 3600 568 3666 audi
598 3597 686 3685 quod
714 3599 875 3663 sentimus.
930 3602 1030 3667 Vetus
1055 3604 1254 3687 proverbium
1284 3616 1341 3681 est,
1371 3608 1444 3671 Nec

491 3703 610 3778 omnia,
635 3723 696 3765 nec
722 3722 856 3785 semper,
879 3723 940 3766 nec
968 3706 1009 3767 ab
1036 3707 1195 3771 omnibus.
1239 3709 1325 3771 Nam
1351 3709 1444 3775 ualde

490 3805 702 3869 inhumanum
722 3816 781 3881 est,
795 3825 816 3867 a
833 3804 960 3887 nemine
984 3807 1150 3889 accipere3
1172 3807 1230 3871 sed
1250 3810 1380 3892 passim,
1395 3810 1441 3873 vi·

489 3907 667 3983 lissimum;
690 3916 722 3970 et
736 3928 793 3990 per
814 3907 932 3985 omnia,
947 3908 1174 3973 avarissimum.
1219 3911 1317 3983 Quod
1336 3920 1442 3975 autem

491 4006 652 4069 mandatis
666 4008 855 4085 continetur,
870 4030 911 4071 ue
920 4000 923 4006 ’
932 4008 1063 4072 domum
1084 4012 1133 4075 vel
1150 4034 1265 4075 munus
1279 4012 1349 4095 ipse
1364 4012 1442 4075 Pro-

492 4105 614 4180 consul,
635 4108 684 4167 vel
708 4108 763 4187 qui
785 4108 819 4169 in
841 4109 905 4171 alio
928 4111 1035 4174 officio
1058 4112 1128 4189 erit,
1148 4113 1298 4196 accipiat,
1320 4122 1442 4176 ematve

491 4207 580 4295 quid,
605 4206 668 4270 uisi
692 4206 795 4271 victus
824 4210 1001 4292 quotidiani
1028 4236 1135 4288 causa,
1163 4215 1252 4298 quod
1281 4216 1323 4278 ad
1345 4215 1445 4279 xenia

484 4314 553 4396 jam
571 4332 639 4375 uon
652 4310 804 4394 pertinet,
819 4310 874 4375 scd
891 4311 934 4377 ad
949 4334 988 4378 ea
1003 4338 1074 4399 quae
1089 4318 1267 4381 eduliorum
1284 4316 1444 4381 excedant

488 4436 591 4479 usum.
629 4412 693 4477 Sed
709 4434 769 4477 nec
784 4414 883 4477 xenia
898 4414 1106 4507 producenda
1121 4430 1206 4496 suut,
1217 4418 1259 4483 ad
1274 4438 1443 4483 munerum
