3575 5575
1282 160 1307 164 -.
1320 158 1429 167 .—-·-=—-
1439 160 1545 165 -Ἦ
1564 160 1568 162 -
1583 160 1585 162 -
1599 158 1713 173 -vv--

136 254 559 411 mala
591 158 1097 535 rffllha’p
1152 262 1401 451 &aaa
1414 340 1610 480 aaa

821 486 826 509 l

298 806 300 813 ·
335 802 405 849 cae.
423 783 483 865 un]
677 800 929 847 eotrcnarrcus.
1246 792 1287 847 45

337 953 472 1035 probum
499 952 694 1039 quandoque
720 951 873 1018 modesta·
887 951 1045 1016 hilaritate
1067 951 1210 1032 mulceri,
1231 952 1287 1015 sed

335 1052 581 1137 ignominiosum
612 1070 660 1118 est
689 1055 878 1139 gratitatem
909 1052 1129 1140 hujuscemodi
1159 1052 1287 1117 lascivia

334 1153 520 1240 frequenter
542 1156 666 1221 resolvi.
708 1157 759 1221 Ab
784 1148 854 1221 istis
881 1178 1009 1241 quoque
1032 1155 1232 1240 spectaculis,
1253 1168 1284 1218 et

332 1256 468 1320 maxime
498 1258 539 1322 ab
569 1258 724 1335 obsceniS,
751 1258 808 1321 riri
833 1257 990 1321 arcendus
1014 1270 1062 1320 est
1091 1258 1213 1332 oculus,
1244 1276 1285 1319 ne

333 1358 560 1424 incontinentia
573 1362 653 1447 ejus,
662 1362 931 1456 mgrgtiggppque
939 1360 1170 1457 impudicitiam
1186 1359 1286 1423 fatea-

334 1473 397 1525 tur.
435 1462 575 1547 Egregie
592 1462 750 1548 siquidem
767 1454 954 1547 Sophoclem
975 1452 1142 1526 Praetoreiii
1162 1461 1285 1545 collega

333 1563 471 1629 Pericles
493 1586 640 1649 arguens,
664 1568 726 1629 ait:
755 1566 854 1628 Decet
884 1566 1057 1627 Praetorem
1083 1562 1282 1648 Sophoclem,
1341 1570 1345 1577 '

335 1686 398 1727 non
414 1665 509 1729 modo
533 1688 657 1744 inanus,
673 1665 728 1729 sed
752 1678 784 1729 et
807 1665 917 1727 oculos
939 1664 1055 1727 habere
1076 1662 1284 1726 continentes.

333 1756 467 1843 Averte,
489 1766 604 1852 inquit,
627 1767 733 1843 homo,
756 1767 809 1829 cui
829 1767 868 1829 de
890 1766 980 1851 regni
1000 1765 1163 1850 majestate
1183 1762 1285 1827 multa

333 1868 484 1945 licebant,
504 1869 613 1932 oculos
635 1891 731 1947 meos,
748 1890 787 1931 ne
809 1866 939 1931 videant
961 1866 1153 1931 vanitatem:
1184 1865 1284 1929 sciens

333 1968 446 2055 utique
460 1990 571 2032 verum
587 1991 653 2032 esse
670 1967 755 2055 quod
768 1967 848 2032 alius
862 1966 1061 2051 ingemiscit;
1086 1966 1164 2053 quia
1173 1966 1283 2031 oculus

333 2093 422 2134 meus
446 2069 650 2155 depraedatus
674 2081 722 2133 est
748 2071 883 2133 animam
911 2090 1023 2133 meam.
1066 2072 1282 2133 Veruntamen

332 2171 411 2257 quid
431 2170 462 2235 in
486 2171 619 2256 singulis
641 2171 742 2257 prosit
764 2170 814 2234 vel
842 2170 963 2246 deceat,
986 2169 1110 2235 animus
1133 2171 1283 2257 sapientis

332 2273 480 2350 advertit,
507 2297 563 2338 nec
585 2274 736 2359 apologos
758 2274 889 2360 refugit,
912 2286 968 2338 aut
995 2274 1201 2350 narrationes,
1223 2290 1281 2339 aut

332 2398 533 2463 quaecunque
563 2377 753 2462 spectacula,
779 2375 859 2440 dum
888 2376 1028 2451 virtutis,
1055 2388 1112 2440 aut
1141 2375 1282 2441 honestae

333 2476 483 2542 utilitatis
498 2477 634 2541 habeant
648 2477 905 2542 instrumentum.
938 2477 1042 2541 Sacrae
1057 2475 1187 2562 quidem
1199 2499 1283 2541 com-

333 2579 492 2643 munionis
521 2579 656 2663 gratiom
688 2578 907 2655 histrionibus,
937 2593 970 2645 et
999 2581 1113 2655 mimis,
1140 2579 1218 2643 dum
1247 2582 1281 2645 in

333 2680 454 2746 malitia
475 2694 689 2765 perseverant,
708 2704 749 2744 ex
772 2682 962 2745 auctoritate
983 2696 1111 2768 patrum
1134 2703 1197 2745 non
1215 2705 1281 2745 am-

332 2779 415 2864 bigis
430 2804 496 2844 esse
516 2780 714 2866 praeclusam.
760 2780 857 2845 Unde
873 2781 952 2867 quid
976 2780 1156 2846 fautoribus
1170 2805 1281 2846 eorum

331 2881 493 2945 immineat
516 2881 649 2967 colligis,
672 2883 697 2945 si
721 2882 882 2960 facientes,
905 2895 937 2948 et
959 2886 1190 2949 consentientes
1211 2887 1281 2971 pari

332 3001 428 3068 poena
454 2981 564 3045 recolis
589 3005 655 3046 esse
682 2980 876 3068 plectendos.
921 2983 985 3057 Qui
1011 2983 1141 3064 donant,
1166 2984 1284 3070 inquit,

331 3067 813 3168 histnontbus‚quarea0nanrr
836 3083 1075 3170 Hocutiquein
1088 3084 1282 3163 ananam,

330 3186 363 3249 in
380 3209 446 3272 quo
461 3185 643 3274 nequissimi
659 3199 743 3253 sunt.
779 3191 904 3274 Nempe
919 3188 976 3274 qui
990 3187 1167 3273 nequitiam
1181 3189 1281 3267 fovet,

328 3301 416 3354 estne
427 3288 554 3353 honus?
578 3290 685 3366 Quum
698 3311 773 3352 vero
788 3291 929 3353 omnium
941 3290 1076 3354 istorum
1087 3289 1128 3353 sit
1140 3289 1279 3366 odibilis,

317 3381 456 3455 'illorum
477 3404 581 3456 tamen
605 3391 661 3476 qui
677 3391 782 3457 minus
804 3405 928 3468 nocent,
944 3392 1066 3457 malitia
1088 3391 1282 3458 tolerabilior

332 3505 391 3556 est.

372 3787 452 3869 Cap.
468 3789 498 3849 9.
527 3785 620 3848 Unde
634 3785 763 3848 dicatur
773 3789 989 3869 prestigium,
1004 3797 1035 3851 et
1050 3787 1237 3870 quiaflrerit

702 3889 812 3945 auctor
827 3884 908 3963 ejus.

372 4002 441 4066 Eos
452 4013 559 4067 autem
571 3999 629 4086 qui
641 3991 822 4065 nocentiora
839 4000 1012 4089 praestigia,
1023 4015 1171 4088 artesque
1181 4002 1281 4087 magi-

329 4126 381 4168 cas
395 4115 427 4169 et
441 4108 542 4170 varias
558 4102 676 4191 species
687 4103 921 4170 mathematicae
936 4104 1114 4193 reprobatae
1125 4119 1284 4183 exercent,

327 4206 394 4290 jam
411 4190 959 4295 pffirmcrpmtiei'iib‘aiili*
951 4207 1090 4272 amoveri
1107 4206 1283 4293 jusserunt,

332 4328 370 4369 eo
384 4308 471 4391 quod
492 4310 599 4372 omnia
620 4309 688 4372 haec
709 4309 852 4389 artificia,
868 4309 917 4373 vel
937 4312 1046 4396 potius
1062 4307 1227 4383 maleficia,
1242 4329 1283 4370 ex

331 4407 480 4492 pestifera
492 4409 628 4494 quadam
645 4410 860 4479 familiaritate
871 4411 1051 4476 demonum
1064 4423 1096 4476 et
1108 4409 1282 4486 hominum,-
