3575 5575
506 794 568 854 146
763 803 901 854 soranis
916 802 1196 850 snnnssnnrnusis
1323 784 1406 863 [nro.
1422 804 1460 847 11.

507 959 640 1038 viveret,
655 979 712 1022 uec
734 954 865 1042 aliquod
881 976 956 1020 cnm
979 953 1024 1018 eis
1041 952 1130 1017 iuitoe
1153 951 1380 1020 familiaritatis
1401 953 1459 1016 ba·

506 1060 613 1125 buisse
637 1056 869 1124 commercium.
915 1057 1009 1122 Nunc
1033 1077 1110 1121 vero
1134 1076 1208 1118 eum
1233 1055 1274 1118 ad
1302 1052 1458 1141 Pythonis

422 1199 431 1210 ·
505 1160 685 1248 imperium,
699 1157 760 1223 sibi
783 1170 888 1245 sperat
911 1169 944 1222 et
967 1157 1050 1243 petit
1069 1155 1212 1220 excitari.
1257 1156 1336 1221 Vult
1359 1155 1457 1220 etiam

505 1261 547 1326 ad
570 1261 630 1324 boc
653 1258 725 1343 cogi
749 1258 950 1338 defunctum,
964 1258 1005 1322 ad
1030 1255 1117 1343 quod
1134 1256 1228 1320 vivus
1249 1255 1370 1342 impelli
1393 1277 1458 1318 uon

504 1364 621 1449 putuit.
668 1359 752 1446 Regi
768 1358 924 1446 siquidem
949 1357 1051 1424 uoluit
1066 1356 1207 1421 indicare
1231 1357 1308 1421 dum
1324 1358 1457 1432 viveret,

505 1463 565 1528 nisi
588 1462 674 1548 quod
702 1461 910 1526 iudicandum
941 1461 1099 1525 Dominus
1123 1459 1310 1544 inspirabat.
1348 1462 1457 1535 Quum

505 1577 612 1629 autem
640 1563 781 1628 audisset
810 1561 926 1626 mulier
950 1560 1140 1637 Samuelem,
1169 1560 1357 1626 exclamavit
1382 1581 1458 1624 voce

504 1685 631 1749 magna,
651 1675 683 1727 et
698 1661 780 1728 dixit
796 1660 836 1725 ad
854 1661 1000 1726 Saulem:
1032 1663 1140 1736 Quare
1161 1659 1339 1747 imposuisti
1354 1661 1456 1724 mibi?

505 1766 560 1828 Tu
571 1787 605 1829 es
616 1763 699 1830 enim
711 1763 798 1828 Saul.
815 1764 855 1826 Se
866 1762 976 1849 utique
986 1762 1152 1848 deceptam
1162 1763 1309 1841 credidit,
1317 1776 1350 1829 et
1359 1766 1456 1828 etiam

504 1880 577 1952 post
606 1865 785 1951 prestitum
818 1866 1052 1949 jurameutum,
1082 1865 1196 1930 notitia
1224 1878 1256 1931 et
1286 1866 1456 1952 praeseutia

502 1966 655 2052 principis
680 1977 851 2030 oneratam.
896 1966 1054 2052 Dixitque
1080 1967 1110 2031 ei
1134 1989 1213 2041 rex;
1238 1967 1314 2032 Noli
1331 1969 1453 2046 timere,

504 2068 586 2154 quid
607 2067 739 2132 vidisti?
770 2070 815 2132 Et
837 2067 882 2132 ait
905 2066 1019 2131 mulier
1039 2067 1082 2131 ad
1104 2068 1249 2133 Saulem:
1281 2072 1367 2134 Deos
1386 2067 1454 2134 vidi

502 2168 708 2238 ascendentes
732 2168 773 2234 de
798 2182 892 2235 terra.
937 2170 1139 2254 Pythonissae
1167 2183 1317 2256 potuerat
1341 2176 1383 2238 ab
1408 2171 1455 2236 iu·

502 2286 606 2357 cepto,
633 2270 683 2334 vel
709 2271 813 2338 tenuis
842 2271 917 2336 fidei
942 2272 1049 2340 virum
1077 2272 1255 2339 deteruisse
1282 2275 1454 2360 responsio.

503 2375 645 2438 Deorum
676 2373 833 2459 siquidem
863 2373 1080 2460 pluralitatem
1109 2374 1244 2452 inducit,
1274 2388 1307 2440 et
1344 2400 1454 2442 eorum

502 2473 728 2540 habitationem
744 2475 804 2540 sub
822 2487 917 2549 terra,
932 2488 963 2540 et
979 2476 1012 2540 iu
1035 2477 1176 2543 tenebris
1197 2500 1265 2542 esse
1286 2478 1453 2564 siguificat.

502 2578 599 2643 Dixit
618 2599 695 2662 ergo
718 2575 813 2643 Saul:
837 2575 949 2654 Qualis
970 2590 1019 2642 est
1039 2577 1143 2644 forma
1163 2579 1257 2665 ejus?
1286 2582 1368 2657 Quae
1389 2581 1453 2646 ait:

502 2679 559 2743 Vir
574 2701 668 2744 senex
684 2677 837 2755 ascendit,
852 2689 884 2744 et
900 2677 967 2765 ipse
981 2681 1117 2746 amictus
1131 2692 1179 2746 est
1200 2680 1308 2768 pallio.
1354 2681 1452 2747 Intel-

499 2781 577 2847 lexit
593 2781 703 2868 itaque
723 2779 799 2847 Saul
823 2779 911 2867 quod
929 2778 1058 2845 Samuel
1073 2794 1167 2860 esset,
1182 2796 1215 2848 et
1236 2781 1398 2849 inclinavit
1420 2807 1454 2852 se

501 2906 598 2970 super
611 2884 723 2948 faciem
740 2906 829 2948 suam
850 2883 881 2945 iu
906 2896 1034 2964 terram,
1048 2895 1080 2949 et
1103 2884 1258 2951 adoravit.
1303 2887 1453 2956 Formam

498 2983 585 3047 illins
607 2987 664 3070 qui
686 2984 860 3070 apparebat
882 2984 1052 3069 diligenter
1072 2984 1216 3072 inquirit,
1238 2987 1322 3053 forte
1346 3012 1452 3053 errore

498 3084 668 3170 gentilium,
692 3084 855 3171 deceptus,
878 3086 1011 3151 eandem
1038 3085 1168 3151 babitus
1193 3100 1225 3153 et
1251 3092 1452 3175 negotiorum

497 3184 629 3253 formam
645 3185 779 3269 siugulis
793 3185 879 3273 apud
896 3186 1013 3251 inferos
1027 3187 1168 3270 credens,
1182 3212 1248 3275 qua
1263 3192 1450 3276 superstites

497 3286 624 3351 fuerant
639 3285 791 3372 insigniti.
838 3287 935 3353 Unde
949 3287 1050 3353 illud:
1080 3287 1164 3366 Quae
1177 3291 1283 3376 gratia
1296 3314 1450 3357 curruum

567 3449 758 3519 Armorumque
768 3450 819 3503 fuit
829 3450 904 3515 viris,
917 3468 976 3520 quae
987 3470 1049 3505 cura
1059 3454 1174 3507 nitentes

568 3535 681 3588 Pascere
694 3552 781 3605 equos,
793 3537 886 3589 eadem
898 3539 1014 3607 sequitur
1025 3538 1118 3593 tellure
1129 3546 1253 3611 repostos.

498 3689 561 3754 Sed
576 3710 679 3755 nonne
694 3700 843 3773 potuerat
861 3694 963 3755 sancti
978 3691 1036 3755 viri
1052 3692 1166 3757 clarior
1180 3716 1248 3758 esse
1263 3694 1375 3780 gloria,
1391 3709 1447 3761 aut

494 3805 565 3877 post
582 3804 714 3863 mortem
731 3790 867 3856 viventis
881 3791 1012 3857 babitus
1030 3793 1218 3859 immutari?
1248 3798 1295 3861 Et
1316 3797 1447 3881 quidem

496 3893 639 3977 provide,
667 3906 700 3965 et
725 3893 863 3960 fideliter
892 3915 955 3958 nou
981 3892 1058 3959 dicit
1085 3896 1243 3982 scriptura
1269 3896 1446 3963 Samuelem

495 3994 651 4077 Pythonis
676 3995 808 4081 imperio
838 3998 1038 4073 suscitatum,
1069 3997 1124 4063 sed
1154 3998 1327 4064 caecitatem
1356 4000 1447 4087 impii

494 4116 603 4160 sensus
622 4098 798 4179 prudenter
812 4098 976 4184 expressit.
1021 4098 1076 4163 Ait
1092 4098 1188 4176 euim,
1204 4099 1330 4165 Audita
1343 4101 1447 4168 forma

493 4195 553 4259 viri
579 4207 611 4261 et
637 4196 763 4274 habitu,
789 4199 947 4266 intellexit
975 4200 1053 4266 Saul
1080 4200 1167 4285 quod
1198 4202 1324 4266 Samuel
1354 4216 1445 4270 esset

492 4299 657 4383 Deceptus
673 4298 786 4383 utique
800 4298 976 4374 intellexit3
1007 4299 1093 4386 quod
1109 4313 1198 4366 etex
1218 4325 1255 4367 eo
1278 4305 1444 4388 probatur,

490 4397 576 4485 quod
604 4398 789 4485 subjungit:
818 4405 863 4468 Et
888 4403 1053 4481 inclinarit
1080 4426 1124 4481 se,
1150 4415 1183 4469 et
1209 4404 1363 4471 adoravit.
1410 4394 1446 4470 Si

1695 730 1698 825 l
