3575 5575
350 799 420 842 ore.
436 782 520 861 nnn]
694 798 949 846 nonucsarrous.
1238 786 1296 844 lll

348 948 433 1013 entia
458 949 674 1026 existentium,
698 949 896 1034 praescientia
919 952 1112 1028 futurorum,
1132 947 1300 1033 dispositio
1350 1031 1354 1036 ‚

346 1049 575 1131 faciendorum,
596 1051 797 1136 providentia
817 1050 1112 1136 gubernandorum,
1136 1048 1301 1134 praedesti·

348 1151 434 1216 natio
464 1152 686 1216 salvandorum
723 1165 779 1217 est.
839 1153 884 1216 Et
913 1164 961 1215 est
991 1150 1229 1237 praedestinatio
1259 1151 1300 1216 ab

349 1268 468 1318 aeterno
492 1255 606 1340 gratiae
635 1254 838 1340 praeparatio,
864 1276 922 1339 per
950 1276 1048 1339 quam
1078 1252 1300 1338 unusquisque

349 1368 482 1420 vocatur
496 1356 536 1420 ad
552 1357 663 1433 vitam,
687 1357 768 1421 sicut
783 1357 829 1419 ait
846 1356 1035 1440 Apostolus,
1053 1357 1144 1432 Quos
1163 1353 1301 1436 praedes-

351 1456 475 1535 tinavit‚
495 1458 554 1520 hos
575 1469 607 1522 et
626 1457 769 1531 vocavit3
796 1469 829 1520 et
847 1479 929 1542 quos
947 1457 1083 1544 vocavit,
1105 1455 1163 1519 hos
1185 1468 1216 1520 et
1232 1456 1303 1539 jus-

351 1557 495 1634 tificavit,
510 1581 591 1642 quos
609 1570 717 1622 autem
735 1557 934 1641 justificavit,
956 1557 1013 1619 hos
1031 1569 1062 1621 et
1069 1535 1302 1640 magnificavit.

352 1659 397 1722 Et
413 1658 506 1735 alius,
523 1658 623 1743 Apud
640 1671 672 1722 te
687 1670 745 1733 est,
761 1657 878 1742 inquit,
893 1658 965 1723 fons
980 1657 1067 1732 vitae,
1083 1669 1115 1720 et
1135 1656 1303 1720 inlumina

351 1772 409 1823 tuo
435 1757 614 1824 videbimus
643 1758 759 1822 lumen.
805 1761 853 1822 Ut
878 1779 955 1840 ergo
980 1756 1137 1821 reverenti
1163 1755 1302 1841 quadam

352 1861 485 1926 audacia
507 1861 637 1926 scientia
658 1861 721 1924 Dei
744 1883 818 1945 quae
840 1859 935 1922 finem
957 1859 1067 1938 nescit,
1090 1858 1139 1921 vel
1162 1880 1304 1921 sermone

351 1961 445 2026 finem
461 1962 618 2027 inveniat:
658 1963 788 2028 scientia
809 1965 871 2027 Dei
892 1973 939 2025 est
959 1962 1102 2026 omnium
1122 1974 1304 2047 quaesunt,

352 2063 495 2140 fuerunt,
516 2077 548 2128 et
568 2063 679 2129 futura
699 2076 785 2143 sunt,
805 2086 880 2129 vera
895 2063 1143 2148 comprehensio,
1159 2075 1191 2126 et
1210 2063 1305 2147 plena

353 2165 474 2230 notitia.
498 2169 614 2232 Omnia
625 2165 782 2252 siquidem
793 2165 980 2242 vera'novit‚
991 2177 1022 2229 et
1032 2164 1109 2246 sola,
1119 2163 1304 2249 nullamque

311 2301 313 2308 v
353 2266 506 2352 dignatur
521 2289 689 2352 agnoscere
704 2266 885 2331 falsitatem.
924 2267 1006 2329 Eam
1020 2276 1124 2328 tamen
1140 2263 1307 2348 dijudicat,

353 2381 384 2431 et
412 2367 609 2432 condemnat.
655 2369 716 2432 Est
741 2367 842 2452 igitur
871 2367 1044 2430 necessario
1070 2364 1204 2440 infinita,
1230 2386 1307 2450 quoe

353 2471 503 2534 universa
525 2492 600 2532 vera
622 2468 854 2554 complectitur,
876 2490 1014 2554 quorum
1037 2467 1150 2553 utique
1171 2489 1233 2528 non
1256 2479 1304 2530 est

354 2593 518 2650 numerus,
540 2583 596 2634 aut
619 2569 700 2633 adeo
720 2569 875 2647 infinitus
898 2580 933 2634 ut
957 2570 1050 2632 finem
1071 2591 1133 2631 non
1155 2567 1306 2643 inveniat,

357 2673 416 2736 nisi
437 2673 470 2735 in
495 2671 648 2756 sapientia
672 2670 743 2746 Dei,
765 2693 838 2754 quae
864 2669 930 2732 sola
952 2669 1085 2754 seipsam
1109 2678 1229 2752 quanta
1254 2666 1306 2743 sit,

357 2774 455 2839 novit.
502 2771 591 2836 Nihil
611 2771 711 2856 igitur
731 2793 839 2835 eorum
859 2794 933 2855 quae
948 2769 1049 2849 novit,
1064 2768 1214 2854 quoniam
1234 2791 1309 2832 vera

358 2888 445 2952 sunt,
468 2862 637 2952 evanescit,
657 2873 864 2957 omniumque
881 2871 1120 2956 dispositorum,
1140 2870 1310 2955 prasentia

358 2977 442 3051 sint3
478 2988 642 3061 praeterea,
664 2997 703 3037 an
726 2974 849 3051 futura,
872 2972 1000 3037 initium
1022 2984 1055 3035 et
1076 2994 1172 3037 causa
1193 2972 1310 3035 veritas

358 3092 415 3143 est.
461 3076 630 3143 Psalmista
645 3074 802 3159 siquidem
817 3077 881 3139 ait:
922 3072 1119 3157 Principium
1140 3072 1309 3136 verborum

359 3192 486 3243 tuorum
514 3178 642 3253 veritas,
669 3200 743 3263 quae
770 3176 859 3241 nullo
884 3176 1012 3239 defectu
1039 3175 1089 3239 sui
1116 3172 1310 3238 transibunt.
1407 3233 1412 3243 ,

358 3281 555 3345 Transibunt
578 3292 684 3343 tamen
707 3278 822 3343 coelum
846 3289 878 3341 et
901 3290 996 3352 terra,
1020 3275 1171 3361 quoniam
1192 3287 1225 3338 et
1251 3275 1311 3337 hoc

360 3384 400 3447 de
415 3383 520 3446 verbis
536 3382 678 3446 veritatis
699 3394 764 3444 est:
789 3393 865 3444 tunc
881 3380 994 3464 ntique
1014 3400 1087 3442 cum
1109 3375 1311 3440 deformitate

360 3483 472 3548 mundi
493 3495 641 3569 purgata,
656 3482 882 3546 reformabitur
903 3480 1021 3545 coelum
1041 3499 1159 3543 novum
1180 3490 1212 3539 et
1228 3488 1313 3539 terra

362 3607 454 3647 nova.
503 3584 625 3647 Sentiat
640 3584 858 3668 unusquisque
880 3582 967 3669 quod
988 3581 1049 3646 Dei
1065 3580 1144 3643 fides
1158 3577 1208 3640 vel
1232 3576 1314 3641 ratio

363 3684 552 3773 persuadet3
588 3708 647 3767 ego
671 3686 738 3747 sine
762 3684 951 3769 praejudicio
978 3681 1143 3746 sententiaa
1165 3676 1315 3754 melioris,

364 3811 438 3852 vera
452 3786 555 3851 modis
568 3784 600 3847 iu
615 3784 763 3849 omnibus
772 3784 910 3847 arbitror
924 3783 1063 3847 infinita:
1088 3801 1189 3865 quum
1201 3777 1233 3839 in
1246 3798 1314 3839 om-

363 3891 458 3956 nibus
473 3911 544 3975 quae
557 3902 631 3953 sunt
642 3901 673 3952 et
690 3909 763 3973 quae
773 3908 836 3949 non
852 3898 936 3960 sunt,
951 3884 992 3947 ab
1006 3881 1098 3946 initio
1109 3902 1176 3943 esse
1190 3899 1315 3941 necesse

366 3992 420 4069 sit,
436 3992 485 4055 vel
507 4013 569 4054 non
590 4014 676 4065 esse;
700 4002 732 4053 et
755 4010 961 4073 eorumquae
983 3980 1238 4051 contradictoriae
1258 4003 1315 4066 op-

366 4108 541 4179 ponuntur,
556 4094 692 4159 alterum
716 4114 838 4177 semper
861 4112 901 4153 ex
923 4088 1108 4153 necessitate
1130 4085 1170 4149 sit
1194 4104 1316 4147 verum.

369 4197 476 4259 Tanta
490 4218 566 4279 ergo
584 4193 811 4261 numerositate
832 4191 928 4257 semel
943 4203 975 4255 et
989 4189 1084 4254 simul
1099 4206 1246 4251 verorum
1261 4206 1317 4246 ex·

369 4297 478 4372 crevit,
499 4309 556 4360 aut
577 4296 684 4382 potius
704 4294 812 4361 extitit
831 4315 995 4368 numerus,
1010 4306 1048 4356 ut
1067 4288 1196 4353 omnino
1216 4283 1316 4347 minui

369 4408 505 4480 nequeat
524 4396 574 4459 vel
589 4396 710 4481 augeri,
726 4410 757 4459 et
778 4416 1010 4479 usquequaque
1024 4392 1057 4455 in
1072 4410 1177 4453 aevum
1192 4396 1317 4447 maneat
