3575 5575
340 774 410 820 cae.
425 756 485 836 v1.]
686 766 945 818 ronrcaarrcns.
1183 812 1193 827 ,
1251 760 1291 817 73

338 921 486 1000 donibus,
517 946 555 987 ne
586 923 636 988 cui
665 923 748 988 forte
778 924 862 988 intra
889 920 1045 1007 gremium
1074 922 1137 986 cibi
1167 920 1290 1007 aliquid

336 1024 504 1089 desideret.
558 1025 627 1088 Alii
657 1028 752 1090 etiam
783 1048 841 1111 per
869 1022 1008 1088 inediam
1036 1022 1171 1099 hiantes,
1202 1020 1290 1086 velut

335 1124 439 1189 rabidi
467 1148 570 1205 canes,
599 1127 664 1191 huc
693 1139 791 1212 atque
821 1127 884 1191 huc
913 1126 1109 1202 ferebantur,
1135 1136 1168 1188 et
1198 1125 1291 1211 qnasi

335 1225 456 1289 insania
494 1226 633 1312 quadam
664 1227 829 1313 exagitati,
858 1227 892 1290 in
921 1224 1047 1290 easdem
1077 1225 1199 1304 domos,
1228 1224 1289 1288 sub

335 1342 497 1393 momento
512 1329 674 1413 temporis,
688 1329 806 1393 iterum
820 1350 856 1392 ac
869 1328 987 1414 saepius
1001 1327 1175 1392 irruebant.
1212 1327 1289 1390 Om-

335 1433 389 1494 nia
411 1442 516 1496 tamen
539 1431 709 1495 necessitas
731 1431 876 1495 vertebat
901 1429 933 1492 in
960 1428 1078 1505 cibum,
1100 1429 1195 1494 etiam
1221 1426 1287 1504 illa,

335 1556 406 1617 quae
432 1555 471 1595 ne
496 1531 595 1596 mutis
624 1532 752 1617 quidem
779 1530 969 1595 animalibus
993 1531 1086 1594 edere
1111 1552 1189 1594 usus
1215 1528 1287 1594 suit.

334 1632 389 1694 Ad
411 1631 560 1696 ultimum
584 1656 624 1696 ne
646 1633 721 1698 loris
743 1633 885 1718 quidem,
902 1632 952 1694 vel
973 1631 1117 1715 cingulis,
1131 1642 1188 1695 aut
1211 1629 1287 1716 ipsis

333 1732 545 1797 calciamentis
554 1733 744 1798 abstinuere.
781 1735 950 1797 Scotorum
963 1755 1091 1817 quoque
1099 1731 1287 1795 indumenta

332 1835 546 1915 detrahentes,
569 1834 764 1899 conficienda
784 1834 936 1898 dentibus
957 1833 1154 1919 ingerebant.
1198 1834 1286 1895 Non-

332 1935 412 1999 nulli
441 1949 474 2000 et
503 1936 582 1999 foeni
611 1936 726 2001 veteris
755 1936 893 2001 festucas
922 1935 1071 2012 edebant,
1097 1933 1153 1999 sed
1183 1946 1215 1999 et
1245 1932 1285 1997 de

331 2039 514 2126 quisquiliis
539 2036 678 2103 collectis
707 2039 930 2125 parvissimum
960 2038 1098 2124 pondus,
1125 2036 1285 2101 drachmis

330 2153 471 2234 quatuor
486 2139 715 2206 distrahebant.

328 2412 407 2498 Cap.
421 2418 451 2477 6.
474 2414 526 2479 De
535 2418 660 2492 Maria,
671 2436 757 2498 quae,
767 2423 904 2498 urgente
910 2418 1014 2501 fame,
1023 2416 1281 2501 comeditfilium.

373 2549 441 2612 San
464 2550 542 2634 quid
568 2574 650 2637 opus
675 2562 724 2616 est
747 2572 805 2636 per
831 2550 900 2614 haec
925 2549 1052 2635 pondus
1077 2548 1170 2613 famis
1194 2550 1281 2615 illins

328 2648 505 2732 explicare;
538 2674 636 2738 quum
651 2663 777 2737 gestum
801 2650 841 2715 sit
855 2650 902 2715 ibi
919 2651 1054 2727 facinus,
1069 2651 1157 2735 quod
1177 2674 1280 2737 neque

327 2750 415 2835 apud
443 2752 586 2830 Graecos,
612 2774 716 2837 neque
742 2751 830 2837 apud
860 2750 1022 2833 barbaros,
1048 2750 1133 2815 ullus
1158 2752 1280 2838 accepit

327 2852 482 2917 auditus?
519 2853 713 2918 horrendum
748 2853 880 2940 quidem
918 2853 1018 2935 dictu,
1050 2851 1165 2918 auditu
1203 2876 1279 2918 vero

325 2953 519 3018 incredibile.
566 2954 728 3041 Equidem
751 2955 887 3020 libenter
909 2967 974 3019 tam
996 2955 1133 3018 immane
1154 2953 1280 3022 facinus

325 3055 491 3137 siluissem,
515 3059 650 3143 nequis
672 3080 722 3122 me
744 3056 885 3121 crederet
913 3070 1113 3120 monstruosa
1137 3079 1276 3134 narrare,

324 3158 383 3222 nisi
410 3159 528 3224 multos
553 3159 713 3224 memoriae
742 3172 859 3224 nostrae
884 3159 970 3223 viros
999 3170 1094 3223 testes
1119 3159 1277 3223 commissi

322 3260 448 3326 sceleris
476 3262 668 3326 habuissem.
722 3265 824 3327 Porro
854 3283 929 3325 vero
967 3283 1007 3324 ne
1036 3259 1159 3346 aliquid
1195 3283 1275 3324 meae

322 3365 441 3428 Patriae
467 3376 619 3451 praestare
645 3388 696 3430 me
725 3365 873 3442 arbitrer,
900 3364 925 3428 si
951 3363 1136 3428 subtraham
1162 3383 1273 3425 eorum

321 3467 429 3546 verba,
451 3489 589 3552 quorum
616 3467 749 3553 pertulit
775 3468 871 3532 facta.
917 3465 1039 3531 Mulier
1063 3465 1212 3553 quaedam
1233 3488 1273 3528 ex

321 3564 382 3642 his,
398 3589 471 3650 quae
485 3566 571 3630 ultra
593 3568 741 3633 Jordanis
757 3569 884 3632 alveum
900 3566 1151 3642 commanebant,
1168 3565 1274 3630 Maria

319 3667 456 3743 nomine,
468 3666 614 3732 Eleazari
629 3668 705 3750 filia,
715 3669 756 3733 de
772 3669 840 3734 rico
852 3670 1056 3746 Hebezobra,
1072 3667 1161 3753 quod
1175 3667 1273 3732 inter-

319 3781 466 3855 pretatur
488 3769 604 3835 domus
620 3772 730 3854 Ysopi,
744 3793 859 3856 genere
874 3785 908 3836 et
921 3771 1130 3836 facultatibus
1146 3768 1272 3850 nobilis,

319 3895 392 3936 cum
407 3870 532 3958 reliqua
546 3871 763 3948 multitudine,
776 3895 850 3959 qnae
864 3871 1073 3952 confluxerat,
1088 3870 1273 3955 Hierosoly-

320 3976 380 4038 mis
408 3986 544 4060 reperta,
573 3995 773 4038 communem
812 3995 885 4037 cum
914 3973 1062 4038 omnibus
1097 3971 1272 4037 obsidionis

319 4098 423 4140 casum
451 4076 582 4141 serebat.
628 4077 738 4162 Hujus
767 4075 907 4162 reliquas
936 4075 1066 4161 quidem
1091 4074 1271 4153 facultates,

319 4197 400 4260 quas
421 4178 516 4241 domo
530 4177 562 4241 in
579 4179 691 4243 urbem
707 4190 909 4257 convexerat,
925 4176 1052 4263 tyranni
1074 4178 1227 4252 invasere,
1244 4176 1270 4240 si

318 4276 397 4361 quid
414 4301 487 4341 vero
509 4279 715 4365 reliquiarum
732 4302 774 4345 cx
799 4280 922 4363 magnis
936 4280 1052 4364 opibus
1065 4279 1181 4352 fuerat,
1198 4279 1269 4363 qui-

318 4382 380 4445 bus
392 4380 510 4445 victum
527 4383 747 4465 quotidianum
761 4395 947 4467 pertenuem
960 4382 1101 4460 duceret,
1111 4381 1268 4443 irruentes
