3575 5575
333 835 403 880 can.
420 817 466 897 v.]
686 833 941 881 nonrcnnncus.
1223 819 1285 877 275

332 996 365 1050 et
388 987 444 1071 qui
467 986 571 1070 tangit
594 1007 662 1065 vos,
684 984 788 1070 tangit
812 983 970 1070 pupillam
995 983 1079 1048 oculi
1101 985 1173 1047 mei.
1221 982 1282 1046 Illa

334 1109 408 1150 vero
425 1087 612 1164 reverentia,
633 1109 707 1174 quae
726 1087 759 1150 in
782 1107 888 1150 rerum
900 1087 1105 1150 ¹veneratione
1125 1084 1279 1172 consistit,

332 1188 501 1274 multiplex
516 1201 573 1254 est.
618 1194 684 1254 Aut
695 1189 779 1252 enim
793 1188 972 1274 corporales
987 1209 1035 1251 res
1050 1200 1136 1264 sunt,
1149 1200 1186 1252 ut
1198 1186 1282 1251 aedes

332 1301 365 1353 et
389 1295 458 1354 loca
477 1313 575 1366 sacra,
596 1302 629 1354 et
649 1313 725 1376 quae
746 1291 808 1377 piis
830 1289 978 1354 dicantur
999 1288 1122 1366 usibus,
1137 1300 1168 1354 et
1186 1287 1280 1354 sacri·

333 1392 406 1455 ficia
430 1415 502 1477 quae
525 1392 693 1457 visibiliter
714 1404 913 1456 exercentur.
967 1395 1034 1456 Aut
1058 1391 1282 1477 incorporales,

334 1504 372 1556 ut
389 1493 466 1577 jura
480 1515 553 1580 quae
575 1494 671 1557 sacris
692 1493 787 1557 rebus
806 1504 1004 1575 competunt,
1024 1514 1098 1578 quae
1120 1504 1284 1571 temerare,

311 1617 315 1624 ’
335 1594 536 1682 sacrilegium
556 1607 604 1661 est
626 1607 728 1660 morte
748 1595 912 1680 piandum,
929 1596 1029 1659 aliave
1048 1615 1143 1681 poena
1163 1595 1283 1678 gravis·

336 1696 427 1773 sima,
448 1720 508 1782 pro
529 1697 684 1784 qualitate
705 1696 843 1764 admissi.
891 1701 1009 1762 Rerum
1029 1719 1105 1759 vero
1125 1717 1283 1759 sacrarum

335 1798 569 1864 immunitatem
592 1800 780 1880 convellere,
801 1801 965 1884 insurgere
987 1799 1019 1862 in
1043 1802 1149 1863 Deum
1172 1808 1230 1874 est,
1253 1808 1285 1862 et

337 1901 428 1986 quasi
448 1902 616 1967 vendicare
635 1923 709 1965 eum
729 1902 761 1965 in
786 1902 982 1967 servitutem.
1027 1905 1072 1966 Et
1093 1900 1223 1986 quidem
1245 1899 1286 1964 de

332 2003 407 2089 jure
430 2002 539 2067 divino
567 2025 627 2089 pro
653 2026 685 2066 se
710 2016 840 2089 possent
866 2002 969 2067 multa
993 2002 1140 2088 proponi,
1167 2000 1221 2065 sed
1249 2012 1287 2065 ut

337 2105 463 2169 aemuloe
490 2105 658 2191 potestatis
686 2126 749 2168 non
778 2105 974 2191 obloquatur
997 2103 1140 2181 audacia,
1165 2103 1197 2166 in
1228 2103 1287 2167 hac

337 2220 429 2293 parte
452 2219 573 2272 statuta
598 2206 778 2292 principum
801 2206 897 2271 latius
919 2219 951 2272 et
975 2204 1144 2290 benignius
1166 2215 1288 2290 patent,

339 2330 411 2392 quae
439 2306 534 2370 fidem
566 2306 779 2372 Christianam
806 2320 1008 2385 venerantur,
1036 2306 1226 2392 approbant,
1255 2317 1288 2370 ct

338 2407 541 2473 ecclesiarum
563 2421 595 2472 et
616 2408 832 2472 ministrorum
851 2408 1059 2492 omniumque
1078 2406 1219 2471 locorum
1235 2429 1288 2470 ve·

337 2509 523 2576 nerabilium
538 2508 706 2596 privilegia
719 2509 866 2574 universa
876 2509 1073 2575 confirmant.
1111 2509 1191 2584 Quis
1205 2508 1289 2574 enim

337 2611 502 2697 principis,
522 2612 617 2697 cujus
640 2615 793 2676 memoria
814 2612 847 2676 in
870 2611 1089 2675 benedictione
1114 2624 1172 2688 est,
1194 2615 1289 2676 Arca-

339 2713 428 2777 dium
450 2717 576 2799 loquor,
600 2713 859 2777 constitutionem
881 2734 945 2776 non
970 2711 1117 2776 audivit?
1156 2713 1189 2776 Si
1216 2713 1289 2800 quis

339 2815 371 2878 in
386 2816 447 2880 hoc
461 2837 563 2899 genus
578 2815 732 2899 sacrilegii
743 2815 900 2902 prorupit,
911 2828 948 2879 ut
961 2815 995 2878 in
1012 2814 1170 2879 Ecclesias
1184 2815 1291 2879 catho-

338 2918 416 2983 licas
438 2918 573 2999 irruens,
599 2917 815 2983 sacerdotibus
840 2930 872 2983 et
896 2918 1059 2995 ministris,
1087 2918 1136 2982 vel
1161 2921 1193 2983 in
1220 2919 1291 3005 ipso

340 3019 430 3083 cultu
446 3020 553 3083 locove
568 3017 691 3105 aliquid
711 3018 861 3104 importet
880 3018 1017 3105 injuriae,
1031 3019 1119 3106 quod
1134 3018 1257 3105 geritur
1272 3042 1291 3083 a

340 3119 512 3206 provinciae
533 3118 710 3184 rectoribus
731 3119 1013 3197 animadvertatur,
1033 3134 1130 3207 atque
1152 3124 1199 3186 ita
1220 3142 1292 3207 pro-

340 3222 453 3287 vinciae
475 3222 666 3298 moderator,
681 3220 879 3286 sacerdotum
902 3235 933 3287 et
956 3223 1111 3288 Ecclesioe
1133 3222 1291 3287 ministro-

339 3346 422 3404 rum,
444 3325 506 3389 loci
527 3347 656 3411 quoque
675 3323 805 3389 illorum
826 3337 858 3390 et
880 3325 982 3390 divini
1004 3326 1108 3391 cultus
1130 3325 1292 3411 injuriam,

339 3426 467 3513 capitali
481 3426 515 3491 in
530 3428 693 3492 convictos
712 3427 777 3491 sive
795 3429 954 3493 confessos
973 3452 1043 3494 reos
1066 3431 1221 3495 sententia
1236 3452 1291 3495 no·

340 3528 422 3590 verit
436 3550 503 3590 esse
517 3528 759 3593 vendicandum.
805 3531 873 3593 Nec
887 3544 1034 3618 expectet
1056 3544 1092 3595 ut
1113 3532 1293 3618 Episcopus

340 3628 468 3712 injuriae
482 3628 620 3712 propriae
635 3628 789 3713 ultionem
804 3629 967 3715 deposcat,
977 3632 1029 3695 cui
1041 3632 1191 3696 sanctitas
1204 3632 1214 3693 i
1219 3651 1294 3712 gno-

340 3726 447 3791 scendi
472 3727 607 3812 gloriam
637 3726 819 3813 dereliquit,
844 3730 951 3815 sitque
974 3732 1097 3794 cunctis
1122 3728 1292 3805 laudabile,

340 3831 441 3895 factas
455 3844 577 3895 atroces
597 3830 815 3895 sacerdotibus
830 3842 885 3895 aut
901 3831 1051 3895 ministris
1070 3831 1214 3917 injurias,
1231 3831 1295 3894 vel-

342 3936 391 3998 uti
405 3931 571 4019 publicum
587 3930 706 3995 crimen
727 3930 887 4017 persequi,
902 3954 938 3995 ac
953 3932 993 3995 de
1008 3931 1125 3996 talibus
1142 3931 1294 3997 ultionem

342 4036 465 4100 mereri.
522 4033 620 4098 Item:
656 4032 766 4097 Placet
796 4031 971 4098 clementiae
995 4044 1121 4111 nostrae,
1149 4047 1185 4099 ut
1214 4034 1293 4099 nibil

342 4158 510 4201 commune
524 4135 628 4200 clerici
644 4158 717 4199 cum
738 4134 876 4222 publicis
890 4136 1068 4201 actionibus
1081 4136 1230 4218 habeant,
1247 4138 1295 4200 vel

344 4237 386 4302 ad
416 4239 538 4303 curiam
571 4238 817 4323 pertinentibus,
846 4237 939 4323 cujus
973 4238 1096 4324 corpori
1127 4261 1190 4302 non
1221 4251 1295 4304 sunt

345 4339 482 4404 annexi·
515 4341 559 4403 Et
581 4340 675 4404 alibi:
705 4340 738 4404 Si
761 4339 899 4405 ecclesiae
921 4340 1109 4405 venerabilis
1131 4339 1298 4426 privilegia

345 4442 535 4527 cujusquam
561 4440 681 4507 fuerint
705 4442 755 4505 vel
784 4442 961 4507 temeritate
984 4440 1112 4519 violata,
1135 4440 1183 4504 vel
1208 4440 1299 4504 dissi-

791 4552 847 4608 rt
