3575 5575
321 827 391 872 oar.
407 807 504 888 xum]
680 824 934 872 coarcaarrcus.
1201 807 1266 868 339

318 981 384 1044 Res
397 981 504 1064 itaque
523 999 589 1041 non
607 987 682 1042 sunt
702 979 735 1042 in
757 979 843 1055 vitio,
858 976 916 1042 sed
937 997 1021 1040 usus.
1067 977 1112 1040 Et
1132 984 1181 1039 est
1194 974 1266 1058 phi·

318 1076 519 1163 losophantis
541 1078 640 1142 animi
660 1078 782 1142 fructus
801 1078 929 1156 nobilis,
951 1097 1105 1158 generosa
1127 1075 1268 1159 aequani-

317 1181 413 1244 mitas
434 1180 558 1244 mentis.
603 1180 688 1243 Nam
715 1179 742 1242 si
767 1201 811 1242 ex
833 1192 962 1263 stupore
985 1185 1044 1252 est,
1068 1184 1104 1240 ut
1125 1176 1267 1261 aequani-

321 1283 413 1346 miter
442 1282 550 1345 omnia
585 1288 701 1364 portet,
728 1302 819 1344 mens
850 1301 934 1362 tegra
967 1281 1008 1344 ab
1042 1277 1271 1342 incolumitatis

322 1382 435 1445 virtute
460 1381 643 1462 degenerat.
697 1381 803 1453 Quum
829 1401 902 1442 vero
928 1377 1179 1464 philosophandi
1207 1379 1271 1440 sint

321 1483 431 1545 multae
446 1481 578 1558 semitm,
591 1482 647 1544 illa
667 1501 733 1566 prae
753 1480 868 1544 ceteris
887 1481 968 1544 mihi
983 1480 1190 1544 videturesse
1209 1499 1270 1542 no·

322 1583 428 1660 bilior,
443 1589 477 1644 et
489 1580 692 1659 laudabilior,

428 1698 498 1760 Quae
510 1697 546 1750 sic
557 1697 668 1768 prandet
679 1695 735 1750 olus
745 1698 883 1768 patienter,
895 1698 974 1751 rebus
984 1703 1014 1750 ut
1025 1699 1063 1750 uti

428 1781 551 1848 Noverit,
561 1787 589 1834 et
600 1800 686 1836 rerum
697 1800 755 1851 quae
767 1785 803 1836 sic
816 1788 932 1836 versatur
943 1784 971 1835 in
982 1800 1039 1849 usu,

324 1902 359 1953 ut
373 1891 453 1968 olus,
466 1901 498 1952 et
513 1889 666 1972 quaelibet
684 1900 835 1953 extremm
850 1890 1045 1972 paupertatis
1060 1890 1167 1968 xenia,
1180 1888 1274 1953 docta

322 1993 443 2055 sitnon
458 1990 612 2054 fastidire·
651 1991 787 2055 Fructus
803 1992 961 2076 siquidem
982 1992 1197 2077 Philosophiae
1215 2013 1273 2054 ex·

322 2093 417 2157 irnius
433 2104 492 2170 est,
505 2102 541 2155 ut
555 2093 678 2155 noverit
693 2093 764 2176 quis
779 2092 953 2170 abundare,
965 2104 997 2156 et
1011 2093 1178 2176 penuriam
1193 2092 1274 2175 pati,

323 2207 360 2259 ut
374 2197 448 2258 laeto
464 2195 572 2257 animo
587 2194 806 2277 aequanimiter
827 2195 936 2258 omnia
950 2205 1066 2280 portet,
1087 2205 1122 2258 ut
1143 2194 1273 2279 objecto

326 2297 437 2360 solidae
454 2296 576 2359 virtutis
589 2296 693 2373 obice,
705 2317 831 2359 omnem
844 2296 1000 2359 fortunam
1015 2306 1166 2360 exarmet.
1196 2297 1275 2360 Pro·

324 2398 412 2460 lecto
427 2397 571 2481 quisquis
586 2397 656 2458 haec
672 2405 862 2478 assequutus
877 2406 935 2473 est,
949 2418 1012 2458 non
1029 2408 1135 2479 sperat
1149 2407 1204 2460 aut
1218 2417 1275 2459 ex·

325 2498 472 2574 timescit,
487 2507 519 2560 et
537 2497 571 2558 in
592 2517 666 2558 eum
689 2516 815 2577 semper
837 2496 963 2559 fortuna
986 2497 1138 2580 quaelibet
1161 2517 1276 2559 manca

325 2600 396 2661 ruit.
441 2596 540 2675 Quid,
550 2597 653 2680 inquit
668 2597 811 2660 curiosus
826 2597 1037 2681 philosophiae
1052 2609 1276 2681 perscrutator,

326 2700 384 2762 tibi
406 2697 613 2781 philosophia
641 2696 796 2759 contulit?
838 2698 884 2759 Et
906 2696 1098 2780 Aristippus,
1127 2698 1172 2760 Ut
1201 2719 1276 2760 cum

326 2800 487 2878 omnibuS,
502 2800 556 2875 ait,
569 2798 753 2862 hominibus
767 2797 926 2881 intrepide
942 2798 1107 2861 fabularer.
1153 2798 1276 2881 Utique

325 2905 354 2967 si
373 2902 504 2967 honoris
524 2911 619 2979 esset,
633 2910 689 2963 aut
703 2900 863 2982 pecunias,
876 2900 962 2963 reive
985 2899 1112 2964 alterius
1128 2898 1278 2982 cupidus,

325 3008 387 3069 hoc
403 3005 535 3067 minime
549 3014 657 3088 posset
671 3002 822 3065 veraciter
835 3000 1037 3085 respondere.
1075 3001 1126 3064 Ad
1141 3002 1276 3065 salutem

326 3119 433 3171 tamen
443 3106 495 3169 via
504 3104 665 3169 tutissima
676 3113 736 3178 est,
750 3101 868 3167 divitiis
879 3112 912 3167 et
922 3104 1017 3167 rebus
1029 3102 1099 3166 aliis
1110 3103 1275 3187 expedito.

326 3207 559 3271 Difficillimum
581 3206 667 3269 enim
689 3214 746 3283 est,
761 3215 797 3267 ut
812 3226 1033 3289 possessorum
1057 3205 1106 3267 sui
1129 3225 1194 3267 non
1217 3205 1278 3269 irn-

326 3309 459 3393 pediant
476 3328 613 3371 cursum.
659 3306 739 3379 Quis
752 3308 857 3369 nescit
876 3306 1131 3394 Hippodamiam
1156 3328 1280 3391 praevo-

324 3411 408 3474 lasse
424 3408 465 3472 ad
480 3410 630 3493 palmam,
646 3408 722 3472 dum
738 3410 990 3473 concertantium
1010 3430 1180 3491 procorum
1206 3431 1279 3475 cur·

326 3532 407 3584 sum,
423 3510 567 3594 projecto
590 3531 667 3572 auro
690 3510 795 3592 potuit
816 3506 997 3573 retardare?
1024 3510 1146 3573 Mansit
1169 3509 1277 3594 itaque

326 3612 414 3691 virgo
429 3610 561 3683 invicta,
577 3610 682 3672 donec
699 3620 827 3673 ventum
842 3621 891 3673 est
906 3609 947 3672 ad
963 3612 1111 3691 pecuniae
1136 3620 1277 3674 conlem-

325 3724 439 3785 torem‚
456 3710 560 3793 quiin
582 3718 747 3773 contemtu
769 3712 836 3773 auri
860 3711 1012 3791 virginem
1037 3711 1206 3793 superavit,
1222 3734 1277 3775 au·

327 3835 398 3877 rum
413 3809 563 3886 obtinuit,
579 3821 611 3874 et
628 3832 672 3873 ex
687 3832 727 3873 eo
749 3809 805 3886 (ut
827 3811 973 3891 fingitur)
992 3812 1166 3875 certatricis
1186 3814 1276 3896 puel-

326 3916 366 3978 lae
390 3934 499 3977 cereos
524 3932 603 3975 axes
627 3911 714 3988 fecit,
738 3911 815 3975 dum
839 3911 1087 3994 incorruptionis
1113 3933 1201 3975 amor
1224 3936 1278 3998 pe-

326 4016 428 4080 cuuiae
448 4034 588 4076 amorem
612 4012 786 4075 absorbuit.
831 4012 951 4074 Nonne
975 4012 1037 4076 hoo
1060 4012 1168 4096 ipsum
1193 4036 1282 4079 corn·

325 4116 455 4179 mendat
464 4114 627 4200 judicium
644 4113 719 4193 Dei,
735 4125 766 4177 et
777 4135 832 4178 eas
847 4114 1084 4179 contemtibiles
1094 4116 1181 4194 facit,
1193 4118 1282 4200 quod

323 4222 357 4282 in
369 4228 507 4299 egestate
520 4218 688 4295 bonorum,
702 4217 784 4300 ipsis
795 4215 898 4300 iniqui
914 4216 1070 4281 affluunt?
1107 4219 1159 4280 Fit
1169 4230 1276 4281 tamen

325 4320 483 4384 interdum
509 4320 618 4382 nescio
635 4341 700 4402 quo
715 4331 823 4400 pacto,
838 4331 875 4381 ut
889 4319 932 4380 ad
957 4320 1193 4381 subversionem
1212 4318 1280 4402 jus-

328 4432 441 4499 torum,
452 4442 486 4483 se
502 4419 549 4483 eis
563 4419 723 4499 ingerant,
735 4429 765 4479 et
782 4438 844 4500 quo
861 4416 1046 4497 diligentius
1058 4417 1284 4485 excluduntur,
