3575 5575
481 789 545 847 902
718 797 855 844 romnis
870 797 1150 846 sannsnnrunrrsrs
1288 781 1368 862 [mn.
1386 803 1437 848 111.

479 955 586 1038 poenis
613 975 679 1017 non
712 952 870 1016 verebitur
899 951 1073 1036 objectare.
1123 952 1187 1016 Sed
1217 952 1305 1037 quod
1334 955 1435 1037 magis

372 1089 376 1094 ·
478 1058 634 1132 mirabile,
664 1056 881 1138 gratulabitur,
903 1056 931 1118 si
961 1057 1078 1120 astutia
1099 1077 1157 1118 sua
1178 1053 1344 1120 industriae
1373 1066 1436 1122 tuae

477 1160 603 1223 labores
618 1169 650 1222 et
664 1158 908 1234 sollicitudines„
923 1158 984 1222 hac
1001 1157 1147 1221 mercede
1162 1157 1338 1236 donaverit,
1353 1169 1389 1222 nt
1402 1170 1434 1222 te

479 1260 593 1324 reddat
607 1261 770 1337 infamem,
779 1270 811 1323 et
826 1259 852 1322 si
863 1258 1051 1336 fecerit,aut
1063 1259 1192 1322 finxerit
1201 1269 1232 1322 te
1245 1261 1434 1324 criminibus

477 1362 629 1425 inauditis
640 1363 826 1426 obnoxium.
870 1362 947 1424 Non
963 1370 1012 1424 est
1024 1361 1108 1424 enim
1121 1362 1239 1425 malum
1254 1361 1431 1426 incivitate

477 1463 633 1550 quodnon
643 1465 677 1527 in
688 1464 794 1527 divitis
804 1462 1319 1547 consiliariosimpingatur,quum
1328 1464 1434 1528 inanis

475 1568 518 1630 sit
534 1567 712 1643 excusatio,
727 1587 765 1629 eo
780 1564 868 1650 quod
892 1585 988 1629 omne
1003 1565 1154 1642 officium,
1169 1565 1232 1630 sibi
1247 1574 1430 1648 potentatus

476 1667 662 1746 conformat,
677 1688 837 1751 nemoque
853 1665 984 1750 sapiens
999 1665 1055 1727 diu
1071 1666 1205 1729 fluctuat
1220 1667 1355 1730 oonsilio
1371 1667 1431 1729 im·

476 1765 680 1847 prudentum.
739 1765 857 1828 Omnia
886 1783 1027 1847 namque
1057 1762 1210 1827 discernit
1240 1775 1272 1827 et
1294 1763 1431 1847 judicat.

475 1870 527 1930 An
543 1888 616 1931 enm
633 1878 728 1950 putas
745 1867 779 1928 in
796 1865 993 1930 conscientia
1013 1886 1071 1928 sua
1091 1886 1235 1928 securum
1256 1866 1432 1949 quiescere,

474 1968 567 2051 cujus
582 1967 808 2052 turpitudinem
823 1966 1001 2051 producere
1016 1978 1108 2051 potes
1123 1968 1156 2030 in
1178 1969 1296 2044 lucem,
1311 1979 1342 2031 et
1356 1989 1430 2051 pro·

475 2068 556 2132 ferre
578 2069 612 2130 in
635 2066 824 2151 publicum?
849 2068 944 2132 Certe
966 2069 1081 2144 omnis,
1098 2069 1152 2152 qui
1168 2071 1269 2132 malus
1285 2079 1345 2144 est,
1361 2070 1431 2132 odit

472 2171 590 2232 lucem.
634 2169 681 2231 Et
701 2188 783 2251 opus
805 2188 914 2245 omne,
936 2167 1068 2231 artificis
1097 2169 1146 2232 sui
1168 2168 1290 2232 ridetur
1311 2170 1430 2233 habere

474 2271 656 2350 imaginem.
714 2267 990 2332 Meretricantium
1023 2269 1191 2334 mulierum
1226 2271 1318 2335 fucus
1354 2271 1429 2334 dum

473 2373 563 2455 argui
577 2382 701 2435 veretur
711 2371 871 2448 alumine,
882 2371 965 2453 petit
979 2372 1120 2447 umbras,
1136 2382 1169 2435 et
1184 2373 1274 2437 timet
1285 2395 1327 2438 ne
1343 2374 1427 2458 seip-

475 2475 520 2537 sis
535 2474 741 2538 deformiores
759 2473 832 2551 sint,
847 2472 874 2536 si
888 2473 1076 2536 immediata
1089 2476 1161 2538 luce
1178 2474 1356 2539 videntium
1371 2476 1429 2539 ob·

472 2575 595 2640 tutibus
622 2583 764 2659 pateant.
810 2574 886 2637 Hoc
918 2596 994 2657 ergo
1017 2576 1143 2638 illarum
1174 2584 1241 2638 tota
1262 2577 1426 2658 vigilantia

476 2679 600 2762 quaerit,
609 2687 644 2740 ut
655 2676 741 2762 quod
752 2698 819 2741 non
830 2687 879 2740 est
890 2677 923 2740 in
941 2678 997 2754 eis,
1011 2679 1179 2761 praestricti
1191 2677 1277 2742 oculi
1289 2677 1427 2758 videant,

474 2790 507 2845 et
529 2781 585 2865 qui
607 2779 727 2855 vident,
751 2779 830 2845 caeci
853 2779 982 2845 faciant.
1026 2782 1069 2844 At
1089 2781 1124 2843 in
1146 2781 1196 2845 his
1219 2802 1291 2866 quae
1317 2782 1426 2847 nativo

472 2885 579 2946 colore
594 2881 773 2957 confidunt,
788 2883 886 2963 longe
902 2883 992 2945 aliter
1006 2892 1066 2961 est,
1082 2883 1158 2967 quia

578 3010 645 3063 Haec
656 3015 728 3063 amat
740 3010 885 3076 obscurum,
897 3011 968 3065 volet
979 3012 1035 3065 haec
1046 3014 1094 3067 suh
1105 3012 1163 3067 luce
1174 3014 1266 3079 rideri,

577 3096 677 3150 Judicis
687 3103 808 3165 argutum
820 3114 877 3165 quae
887 3116 940 3152 non
951 3097 1072 3153 formidat
1083 3117 1200 3153 acumen.

470 3219 564 3283 Licet
577 3219 685 3303 itaque
705 3229 899 3283 secretorum
919 3220 1103 3284 communio
1125 3220 1248 3304 aliquid
1264 3220 1425 3285 felicitatis

471 3319 618 3382 videatur
639 3319 789 3402 adjicere,
805 3320 967 3383 securitati
990 3331 1096 3383 tamon
1119 3317 1291 3401 plurimum
1314 3318 1424 3382 demit.

471 3420 625 3499 Difficile,
641 3432 696 3483 aut
716 3422 824 3504 potius
845 3422 1044 3505 impossibile
1067 3432 1114 3485 est
1135 3422 1208 3484 illos
1229 3442 1424 3505 percurrere,

471 3524 528 3610 qui
555 3522 617 3587 hac
647 3523 701 3585 via
730 3522 771 3586 ad
800 3522 921 3587 inferos
954 3523 1201 3597 descenderunt,
1233 3533 1289 3587 aut
1317 3523 1423 3607 poenis

469 3624 653 3689 novissimis
668 3646 703 3687 se
715 3625 935 3707 ingemuerunt
950 3628 1092 3690 affectos.

573 3754 637 3809 Heu
648 3754 713 3808 mihi
724 3774 768 3807 cur
778 3754 841 3821 ridi,
853 3773 898 3807 cnr
909 3757 989 3809 noxia
1000 3755 1100 3810 lumina
1110 3754 1175 3809 fecil

467 3880 572 3964 inquit
593 3881 657 3959 ille,
680 3880 734 3964 qni
757 3901 800 3943 an
822 3878 862 3942 de
885 3880 1084 3943 conscientia
1106 3880 1214 3957 alieni,
1237 3901 1277 3942 an
1300 3877 1422 3961 proprii

468 3981 573 4063 operis
595 4002 685 4044 noxa
710 3980 967 4064 deportationem
994 3981 1154 4056 meruerit,
1180 3981 1337 4043 incertum
1363 3992 1421 4042 est.

467 4083 599 4147 Certum
628 4093 734 4146 tamen
762 4093 821 4158 est,
848 4084 936 4167 quod
960 4085 1044 4146 mala
1068 4083 1174 4145 aliena
1197 4082 1324 4145 novisse
1354 4103 1420 4143 nou

466 4182 607 4266 expedit.
653 4185 867 4248 Veruntamen
891 4186 959 4249 sive
983 4185 1133 4261 sciantur,
1155 4184 1220 4246 sive
1243 4205 1319 4262 non,
1338 4184 1420 4248 nihil

464 4285 565 4349 tutius
586 4295 644 4360 est,
660 4306 754 4369 quam
777 4288 940 4370 propriam
964 4285 1194 4349 conscientiam
1218 4305 1415 4349 conservare.

464 4387 681 4469 Philosophus
703 4388 749 4451 sic
772 4389 854 4451 inter
875 4388 984 4451 hostes
1001 4386 1168 4450 vivendum
1193 4387 1330 4463 censuit,
1347 4396 1416 4451 tan·
