3575 5575
340 776 516 857 osnvun]
693 790 949 839 mnrcmmcus.

339 943 584 1029 magnificentia,
607 964 671 1007 non
694 954 759 1007 tam
785 940 955 1020 mirabiles,
976 962 1073 1025 quam
1097 941 1294 1009 miserabiles

338 1046 461 1110 faciunt
476 1056 609 1109 sumtus.
642 1043 705 1108 Illa
715 1056 820 1109 tamen
835 1055 912 1108 artas
925 1042 1162 1119 (utricinterim
1174 1043 1291 1125 dicam)

338 1146 532 1211 honestiores
553 1145 667 1212 habuit
691 1144 913 1222 histriones,si
935 1157 1041 1209 tamen
1063 1144 1174 1231 aliquo
1194 1144 1306 1210 modo·
1416 1210 1421 1219 ,

338 1249 508 1313 honestum
524 1260 583 1323 est,
598 1246 685 1334 quod
700 1246 786 1311 omni
802 1246 930 1311 homine
950 1245 1051 1311 libero
1064 1247 1292 1333 comprobatur

338 1349 517 1435 iudignum.
561 1350 630 1413 Nec
651 1366 756 1414 tamen
779 1348 966 1414 histrionem
981 1370 1086 1412 assero
1108 1348 1245 1434 turpiter
1259 1348 1293 1412 in

339 1464 408 1516 arte
438 1473 498 1515 sua
525 1452 655 1528 versari,
685 1449 745 1515 etsi
778 1449 1002 1515 indubitanter
1032 1462 1127 1535 turpe
1155 1450 1197 1514 sit
1226 1472 1294 1515 esse

339 1551 538 1617 histrionem.
582 1554 627 1617 Et
652 1550 782 1637 quidem
805 1549 977 1614 histriones
999 1563 1100 1628 erant,
1124 1550 1179 1637 qui
1200 1564 1295 1637 gestu

341 1651 481 1739 corporis
509 1664 642 1737 arteque
675 1650 856 1725 verborum,
886 1662 919 1713 et
951 1650 1170 1714 modulatione
1198 1653 1295 1729 vocis,

341 1754 444 1820 factas
457 1766 514 1817 aut
531 1754 621 1818 fictas
634 1750 792 1831 historias,
807 1750 868 1815 sub
888 1763 1020 1837 aspectu
1036 1750 1166 1836 publico
1180 1751 1295 1815 refere-

341 1856 431 1935 bant,
445 1876 526 1942 quos
548 1853 632 1940 apud
650 1852 803 1917 Plautum
826 1852 950 1917 invenis
965 1865 997 1917 et
1020 1852 1247 1931 Menandrum,
1263 1865 1297 1919 et

343 1957 461 2041 quibus
475 1978 526 2021 ars
545 1954 805 2049 werith
825 1952 1002 2018 innotescit.
1049 1956 1151 2018 Porro
1169 1954 1297 2020 comicis

343 2070 374 2123 et
386 2057 514 2143 tragicis
522 2055 726 2133 abeuntibus,
733 2078 834 2141 quum
845 2056 952 2120 omnia
961 2055 1074 2122 levitas
1083 2057 1299 2143 occupaverit,

343 2157 472 2223 clientes
486 2180 607 2237 eorum,
622 2156 757 2223 comoedi
772 2156 921 2223 videlicet
935 2170 968 2222 et
983 2157 1131 2242 tragoedi,
1145 2158 1300 2223 extermi-

343 2264 410 2327 nati
437 2272 521 2326 sunt.
567 2260 630 2327 Sed
656 2282 710 2325 eos
739 2260 771 2324 in
799 2258 905 2323 servili
930 2258 1112 2323 conditione
1138 2260 1297 2324 duntaxat

344 2362 536 2449 plerumque
550 2360 695 2449 reperies.
733 2359 813 2439 Quis
828 2384 904 2426 vero
924 2382 1035 2425 eorum
1052 2383 1130 2425 usus
1143 2360 1300 2438 extiterit,

347 2462 473 2549 poetice
486 2461 603 2527 docens
618 2462 741 2547 aperit:

450 2606 508 2658 Ant
518 2605 640 2677 prodesse
652 2604 749 2669 volunt,
761 2609 807 2657 aut
817 2603 949 2657 delectare
960 2610 1054 2676 poete,

450 2692 507 2744 Aut
514 2692 629 2763 jucunda
640 2690 717 2743 dmul
729 2695 756 2741 et
770 2691 863 2742 idonea
875 2690 962 2741 dicere
972 2690 1042 2742 vitas.

347 2821 390 2882 At
404 2828 512 2880 nostra
526 2826 604 2878 aetas
617 2813 768 2900 prolapsa
782 2813 822 2877 ad
843 2812 983 2890 fabulas,
1000 2826 1031 2877 et
1048 2814 1171 2899 quaevis
1184 2815 1302 2900 inania,

347 2940 410 2982 non
431 2916 527 2980 modo
547 2937 642 2980 aures
663 2927 695 2978 et
716 2937 771 2978 cor
792 2914 958 3002 prostituit
981 2915 1126 2998 vanitati,
1148 2917 1203 2982 sed
1226 2942 1303 2983 ocu-

347 3020 450 3083 lorum
474 3016 654 3082 staurium
677 3015 854 3102 voluptate,
878 3041 968 3082 suam
996 3018 1113 3083 mulcet
1136 3018 1302 3098 desidiam,

347 3120 507 3188 luxuriam
531 3118 688 3198 accendit,
710 3120 902 3206 conquirens
926 3121 1069 3208 undiquc
1091 3121 1232 3188 fomenta
1258 3123 1304 3188 vi-

349 3223 477 3288 tiorum.
522 3222 636 3285 Nonne
662 3220 754 3306 piger
779 3219 933 3285 desidiam
954 3222 1097 3300 instruit,
1123 3237 1155 3288 et
1178 3247 1306 3292 somnos

348 3335 499 3410 prouocat
522 3323 805 3388 instrumentorum
828 3323 996 3400 suavitate,
1019 3338 1077 3389 aut
1100 3349 1213 3390 vocum
1237 3349 1303 3390 mo-

351 3426 445 3504 dulis,
468 3425 630 3490 hilaritate
655 3427 849 3503 canentium,
873 3438 930 3490 aut
951 3426 1165 3492 fabulantium
1188 3431 1303 3515 gratia,

351 3529 416 3590 sive
431 3525 520 3612 quod
540 3524 668 3611 turpius
682 3537 742 3600 est,
758 3525 911 3590 ebrietate
935 3528 986 3591 vel
1005 3530 1159 3614 crapula?
1189 3533 1306 3597 Artem

353 3623 467 3712 utique
482 3625 706 3711 elegantiorem
722 3626 831 3691 docuit
847 3627 995 3707 Flaccus,

587 3785 605 3827 q
772 3757 826 3809 Tar
838 3761 912 3812 uncti

458 3840 624 3896 Transnanio
635 3840 759 3904 Tiberim,
771 3858 860 3896 somno
874 3845 972 3913 quibus
984 3851 1026 3898 est
1037 3864 1101 3917 opus
1112 3846 1174 3899 alto.

352 3973 408 4038 Ait
423 3995 552 4058 quoque
566 3970 788 4046 concionator;
812 3971 928 4036 Dulcis
942 3985 990 4038 est
1005 3995 1137 4040 somnus
1151 3978 1308 4062 operanti,

354 4077 419 4141 sive
433 4098 560 4163 parum,
572 4075 638 4140 sive
653 4073 791 4140 multum
805 4076 961 4143 comedat.
993 4078 1194 4144 Exercitatio
1208 4081 1309 4165 siqui·
1361 4075 1368 4226 ἱ

354 4177 425 4242 dem
447 4176 530 4263 parit
546 4190 579 4241 et
600 4178 657 4242 alit
673 4177 789 4264 quietis
810 4181 959 4265 gratiam,
974 4203 1049 4266 quae
1070 4181 1128 4245 otii
1142 4183 1307 4246 contiuua·

355 4278 452 4358 tione,
480 4292 513 4344 et
542 4279 682 4365 quodam
712 4279 835 4346 inertiae
865 4303 932 4346 suae
960 4303 1101 4346 marcore
1130 4283 1308 4369 perimitur.
1361 4229 1375 4342 l

357 4378 482 4461 Utique
490 4381 522 4442 in
534 4378 696 4444 desideriis
706 4394 752 4444 est
762 4382 862 4446 omnis
872 4382 1004 4462 otiosus,
1015 4406 1115 4470 quum
1126 4397 1158 4447 et
1167 4383 1313 4448 otiositas
