3575 5575
339 827 411 872 car.
427 807 488 887 vn]
689 823 947 870 ronvcasrrcus
1229 811 1293 870 235

341 977 403 1040 Sed
419 976 475 1062 qui
492 988 568 1040 sunt
583 974 764 1040 sacerdotes
784 975 935 1040 Leviticae
951 973 1078 1037 tribus?
1112 973 1166 1038 Illi
1183 974 1295 1060 utique

339 1103 419 1164 quos
433 1079 500 1142 sine
518 1078 661 1143 avaritiae
684 1077 832 1158 stimulis,
848 1078 916 1141 sine
938 1075 1121 1141 ambitionis
1143 1076 1297 1162 impulsu,

339 1181 406 1244 sine
429 1182 597 1247 affectione
619 1182 721 1245 carnis
744 1194 776 1245 et
799 1181 976 1266 sanguinis,
1001 1179 1052 1243 lex
1076 1178 1107 1242 in
1134 1179 1296 1245 ecclesiam

338 1283 529 1349 introduxit.
575 1289 649 1349 Nou
673 1296 779 1348 autem
803 1284 856 1348 lex
878 1284 991 1360 literae,
1015 1305 1089 1368 quae
1112 1283 1296 1360 mortificat,

340 1385 393 1448 sed
418 1385 561 1472 spiritus,
577 1408 651 1470 quae
672 1384 704 1448 iu
728 1384 895 1449 sanctitate
911 1383 1036 1459 mentis,
1052 1383 1210 1448 munditia
1231 1408 1299 1448 cor-

338 1484 436 1567 poris,
450 1483 525 1545 fidei
546 1482 736 1559 sinceritate,
751 1494 783 1545 et
805 1482 958 1566 operibus
980 1481 1130 1560 caritatis,
1149 1481 1298 1547 vivificat.

343 1583 432 1648 Sicut
448 1583 530 1647 enim
548 1583 726 1648 umbratilis
740 1584 805 1659 lex,
817 1595 851 1647 et
866 1605 978 1666 gerens
988 1586 1096 1646 omnia
1109 1581 1299 1666 figuraliter,

342 1683 522 1748 sacerdotes
543 1683 576 1746 iu
599 1683 820 1768 singularitate
846 1683 950 1747 carnis
971 1697 1003 1747 et
1031 1681 1194 1767 sanguinis
1218 1701 1300 1768 prae-

342 1785 461 1870 elegit3
483 1785 539 1861 sic,
551 1797 722 1871 postquam
739 1784 936 1849 cessantibus
951 1783 1074 1850 umbris
1083 1783 1198 1848 veritas
1213 1800 1301 1871 pate-

342 1887 429 1952 facta
452 1901 513 1965 est,
536 1901 568 1952 et
590 1887 721 1973 justitia
746 1887 786 1951 de
809 1888 892 1953 coelo
916 1886 1093 1972 prospexit,
1118 1907 1201 1973 quos
1225 1886 1299 1952 vitae

343 1987 545 2052 commendat
575 1991 736 2062 meritum,
767 2000 800 2052 et
833 1989 926 2052 bonae
955 1987 1114 2073 opinionis
1147 1986 1241 2064 odor,
1268 1999 1300 2051 et

346 2090 452 2154 unitas
466 2088 620 2168 fidelium,
635 2103 692 2153 aut
711 2088 917 2174 praelatorum
935 2089 1071 2172 diligens
1089 2088 1302 2173 providentia,

344 2191 377 2255 iu
406 2214 487 2277 opus
516 2190 681 2255 ministerii
712 2191 901 2276 segregavit,
928 2190 1062 2276 spiritus
1091 2189 1230 2276 applicat
1259 2189 1301 2254 ad

344 2294 519 2357 leviticam
548 2292 682 2371 tribum,
704 2307 736 2357 et
762 2292 923 2379 legitimos
948 2292 1088 2357 instituit
1114 2292 1302 2356 sacerdotes.

345 2395 529 2480 Adjicitur:
554 2397 600 2461 Et
616 2396 748 2461 habebit
763 2418 881 2475 secum,
893 2395 1043 2481 legetque
1057 2393 1139 2458 illud
1154 2394 1303 2460 omnibus

344 2495 546 2561 diebusvitae
568 2518 644 2559 suae.
691 2495 842 2571 Attende‚
858 2506 981 2580 quanta
1003 2493 1118 2558 debeat
1141 2515 1209 2559 esse
1230 2494 1302 2560 dili·

345 2599 454 2681 gentia
468 2595 623 2682 principis
637 2597 670 2659 in
686 2595 756 2679 lege
772 2595 902 2658 Domini
923 2593 1144 2670 custodienda,
1161 2595 1217 2679 qui
1233 2617 1302 2660 eam

347 2721 471 2780 semper
491 2698 620 2773 habere,
635 2697 740 2781 legere
764 2696 963 2782 praecipitur,
979 2709 1011 2760 et
1034 2695 1206 2775 revolvere,
1222 2695 1303 2761 sicut

347 2824 404 2864 rex
419 2823 531 2885 regum
546 2800 652 2863 factus
666 2821 707 2862 ex
723 2798 867 2879 muliere,
881 2800 986 2863 lactus
1002 2798 1062 2864 sub
1080 2798 1161 2883 lege,
1178 2817 1305 2863 omnem¹¹

347 2901 491 2988 implevit
503 2901 664 2987 justitiam
680 2900 773 2986 legis,
787 2900 815 2963 ei
830 2922 893 2964 non
910 2900 1109 2977 necessitate,
1124 2900 1178 2965 sed
1194 2900 1306 2965 volun·

348 3018 425 3082 tate,
450 2991 625 3090 subjectus.
671 3003 756 3081 Quia
781 3003 813 3066 in
840 3003 910 3088 lege
934 3008 1086 3067 voluntas
1110 3003 1190 3089 ejus,
1215 3014 1247 3068 et
1272 3002 1305 3067 in

348 3107 418 3193 lege
434 3107 564 3171 Domini
581 3106 754 3171 meditatus
769 3119 817 3170 est
833 3105 885 3169 die
901 3128 938 3169 ac
954 3122 1053 3170 nocte.
1101 3104 1198 3183 Quod-
1213 3105 1238 3169 si
1249 3105 1304 3171 ille

289 3272 297 3278 ,
348 3209 379 3273 iu
397 3210 463 3289 bac⁸
472 3220 563 3294 parte
578 3231 640 3272 non
656 3208 800 3273 creditur
820 3208 1007 3287 imitandus,
1023 3206 1079 3292 qui
1105 3228 1167 3270 non
1193 3228 1306 3293 regum

346 3314 494 3399 gloriam,
510 3313 565 3378 sed
589 3313 732 3377 fidelium
756 3312 925 3399 amplexus
948 3323 996 3374 est
1020 3324 1255 3396 paupertatem,
1274 3326 1307 3377 et

347 3416 480 3481 indutus
495 3415 598 3479 forma
622 3415 739 3493 servili,
756 3414 993 3479 reclinatorium
1008 3413 1106 3499 capiti
1131 3435 1193 3477 non
1219 3436 1307 3500 quae-

349 3513 423 3577 sivit
435 3514 466 3576 in
479 3515 590 3586 terris;
617 3529 650 3579 et
664 3516 881 3601 interrogatus
897 3536 914 3577 a
926 3512 1048 3600 judice,
1061 3536 1195 3599 regnum
1211 3536 1306 3578 suum

321 3624 331 3640 “
350 3615 390 3679 de
406 3614 466 3678 boc
481 3616 601 3679 mundo
616 3639 678 3680 non
700 3640 779 3694 esse,
794 3618 958 3682 confessus
973 3629 1040 3690 est;
1073 3618 1240 3702 proficiant
1257 3619 1308 3681 vel

348 3715 495 3802 exempla
510 3738 623 3801 regum
639 3715 825 3794 illustrium,
841 3741 982 3802 quorum
997 3718 1149 3781 memoria
1163 3718 1194 3780 in
1214 3717 1308 3782 bene-

349 3818 489 3883 dictione
503 3829 560 3881 est.
599 3816 776 3881 Procedant
790 3838 871 3901 ergo
883 3817 924 3879 de
935 3818 1048 3881 castris
1063 3817 1172 3891 Israel,
1187 3816 1306 3896 David,

350 3920 517 3995 Ezechias,
543 3933 575 3983 et
601 3917 719 3992 Josias,
742 3928 775 3981 et
796 3919 916 3993 caeteri,
932 3918 989 4003 qui
1012 3917 1045 3980 in
1068 3940 1106 3980 eo
1131 3918 1191 3983 sibi
1217 3919 1307 4004 regni

349 4022 482 4108 gloriam
499 4033 643 4086 constare
654 4020 838 4098 credebant,
852 4019 877 4083 si
894 4020 957 4083 Dei
970 4031 1147 4105 quaerentes
1161 4020 1306 4107 gloriam,

351 4147 384 4187 se
399 4137 431 4188 et
451 4124 599 4189 subditos
622 4122 739 4189 divinae
759 4124 840 4207 legis
862 4124 996 4187 nexibus
1018 4121 1216 4189 innodarent.
1261 4124 1308 4189 Et

352 4247 392 4289 ne
414 4225 538 4290 illorum
563 4237 685 4290 remota
708 4226 878 4291 videantur
901 4224 1058 4311 exempla,
1080 4238 1112 4289 et
1138 4248 1178 4289 ex
1201 4250 1238 4289 eo
1261 4248 1307 4290 se-

354 4326 482 4411 quenda
496 4327 610 4407 minus,
625 4328 713 4414 quod
728 4352 748 4392 a
763 4328 832 4413 lege
848 4350 968 4403 eorum,
985 4340 1016 4391 et
1033 4326 1096 4391 ritu
1115 4349 1260 4412 operum,
1276 4339 1308 4390 et

354 4427 514 4513 religionis
544 4429 645 4506 cultu,
676 4444 708 4494 et
738 4429 812 4495 fidei
843 4428 1050 4515 professione,
1081 4428 1310 4514 aliquantisper
