3575 5575
511 783 574 843 886
759 793 897 838 scaurus
914 791 1194 840 sanssnnnurnsrs
1335 779 1416 860 [cru.
1434 801 1466 846 v.

513 952 648 1021 levatus,
674 946 757 1029 pede
787 947 822 1009 in
848 947 997 1010 manibus
1026 946 1106 1008 meis
1134 947 1251 1030 posito,
1279 950 1406 1016 recubit
1435 963 1468 1016 et

512 1051 644 1134 quierit,
659 1061 753 1133 atque
768 1069 811 1112 ex
832 1071 871 1112 eo
892 1048 945 1112 die
964 1059 1067 1112 totum
1088 1049 1260 1112 triennium
1284 1072 1346 1132 ego
1367 1063 1401 1116 et
1415 1056 1467 1117 leo

509 1153 545 1216 in
566 1151 680 1215 eodem
699 1171 808 1234 specu,
828 1150 1007 1233 eodemque
1027 1150 1114 1212 victu
1134 1151 1285 1216 viximus.
1330 1155 1415 1218 Nam
1437 1156 1466 1218 si

511 1274 592 1338 quas
613 1253 787 1316 venabatur
807 1250 903 1327 seras,
921 1252 1065 1314 membra
1086 1251 1246 1333 opimiora
1267 1253 1308 1318 ad
1331 1277 1466 1339 specum

510 1355 712 1436 suggerebat,
726 1374 800 1436 quae
822 1373 896 1432 ego,
910 1352 994 1430 ignis
1015 1351 1142 1436 copiam
1164 1375 1230 1417 non
1250 1356 1386 1435 habens,
1401 1380 1468 1422 me·

508 1458 631 1520 ridiano
647 1457 714 1520 sole
729 1464 815 1518 tosta
832 1453 981 1516 edebam.
1027 1452 1092 1517 Sed
1108 1455 1164 1517 ubi
1178 1475 1241 1528 me,
1259 1456 1377 1540 inquit,
1391 1460 1464 1523 vitae

509 1555 595 1621 illius
617 1556 725 1619 serinae
742 1555 812 1640 jam
831 1563 1002 1636 pertaesnm
1028 1565 1086 1628 est,
1102 1555 1196 1619 leone
1218 1568 1367 1620 renatum
1389 1579 1464 1642 pro-

508 1659 604 1738 fecto,
615 1657 730 1741 reliqui
746 1677 890 1741 specum,
901 1668 933 1720 et
943 1656 1027 1722 viam
1040 1656 1136 1721 ferme
1152 1657 1248 1722 tridui
1263 1681 1463 1743 permensus,

508 1782 529 1824 a
550 1761 705 1824 militibus
730 1761 828 1838 visus,
849 1759 1080 1842 apprehensus,
1103 1769 1135 1824 et
1161 1761 1202 1824 ad
1227 1761 1393 1826 dominum
1420 1785 1463 1826 ex

508 1863 614 1926 Africa
629 1863 766 1926 Romam
783 1860 941 1924 deductus
956 1882 1037 1924 sum.
1076 1863 1110 1925 Is
1126 1883 1176 1924 me
1189 1863 1295 1926 statim
1311 1864 1357 1926 rei
1374 1865 1462 1948 capi·

508 1962 585 2026 talis
599 1961 827 2038 damnandum,
842 1957 1047 2044 dandumque
1067 1961 1108 2024 ad
1130 1961 1248 2024 bestias
1271 1964 1460 2043 procuravit.

509 2063 661 2144 intelligo
685 2071 791 2124 cutem
815 2061 902 2124 bunc
928 2082 1056 2144 quoque
1077 2062 1217 2137 leonem,
1239 2083 1291 2126 me
1312 2071 1390 2127 tunc
1413 2085 1464 2128 se·

506 2173 618 2248 parato
647 2173 789 2245 captum,
821 2162 952 2243 gratiam
982 2184 1069 2226 nunc
1098 2161 1255 2226 beneficii
1286 2161 1401 2229 referre
1431 2177 1464 2230 et

507 2263 651 2328 medelae.
701 2263 832 2326 Solutus
857 2263 965 2346 itaque
991 2274 1040 2326 est
1065 2284 1163 2346 poeua
1188 2265 1401 2344 Andronicus,
1427 2278 1460 2331 et

508 2367 615 2430 eidem
636 2366 689 2428 leo
709 2365 806 2428 totius
826 2365 939 2448 populi
960 2365 1112 2444 suffragio
1135 2364 1282 2429 donatus.
1328 2367 1460 2432 Exinde

507 2468 719 2534 amicantibus
743 2466 806 2529 sibi
829 2466 960 2528 homine
984 2474 1017 2529 et
1040 2468 1144 2545 leone,
1170 2477 1202 2530 et
1226 2469 1339 2530 urbem
1367 2491 1459 2553 pera-

507 2569 672 2652 grantibus
694 2577 726 2629 et
744 2567 1025 2646 circumeuntibus,
1047 2567 1199 2632 dicebant
1221 2589 1353 2632 omnes:
1391 2572 1459 2635 Hic

505 2681 556 2733 est
568 2671 621 2732 leo
636 2670 754 2753 hospes
768 2668 918 2747 hominis,
935 2668 988 2731 hic
1010 2677 1056 2731 est
1071 2668 1168 2732 homo
1182 2669 1330 2733 medicus
1345 2671 1458 2736 leonis.

506 2772 689 2845 Quaerisne
703 2770 851 2835 historias
865 2767 1029 2835 notiores?
1057 2768 1110 2834 De
1125 2766 1199 2834 lacu
1213 2771 1342 2835 leonum
1360 2772 1460 2837 exivit

419 2924 424 2931 .
506 2875 637 2950 Daniel,
661 2884 693 2936 et
717 2871 809 2956 pueri
836 2871 877 2934 de
903 2871 1032 2935 camino
1055 2870 1139 2953 ignis
1165 2885 1334 2937 eraserunt
1359 2875 1460 2939 illaesi.

505 2978 551 3040 Et
568 2975 653 3059 apud
674 2995 785 3038 omnes
804 2986 919 3055 gentes
941 2994 983 3037 ex
1000 2972 1111 3055 gratia,
1129 2983 1246 3057 praeter
1264 2976 1460 3058 opinionem,

504 3079 545 3142 ab
559 3077 800 3140 imminentibus
821 3076 914 3138 malis
933 3076 1057 3139 liberati
1079 3085 1155 3137 sunt
1176 3076 1317 3158 plurimi.
1362 3078 1460 3142 Unde

504 3179 613 3243 nullus
638 3199 759 3251 eorum,
781 3174 837 3259 qui
862 3196 978 3239 manus
1000 3174 1179 3259 injecerunt
1205 3175 1279 3255 sibi,
1301 3178 1378 3241 satis
1402 3201 1457 3241 ex-

504 3289 634 3343 cusatus
648 3289 697 3341 est
710 3277 800 3355 mihi,
821 3276 898 3341 licet
912 3278 1036 3358 maguis
1047 3277 1220 3361 praeconiis
1242 3279 1461 3345 ecclesiastica

504 3378 635 3441 historia
663 3379 789 3461 aliquos
818 3380 940 3456 efferat,
965 3386 1178 3461 provocantes
1210 3389 1351 3456 mortem,
1381 3381 1461 3462 quia

505 3477 728 3562 temporariam
741 3477 838 3540 citam
854 3477 942 3560 apud
958 3498 1004 3554 se,
1016 3499 1114 3560 quam
1129 3477 1317 3562 pudicitiam
1332 3479 1460 3562 pericli·

503 3580 564 3645 tari
578 3578 749 3643 malebant
796 3579 840 3640 At
855 3598 910 3641 eos
927 3577 973 3640 sio
989 3591 1148 3643 excusant
1160 3580 1328 3643 iufirmitas
1343 3582 1460 3661 carnis,

503 3693 536 3747 et
564 3679 744 3764 ignorantia
764 3678 857 3764 juris,
882 3688 915 3741 et
940 3679 1126 3742 incendium
1155 3680 1306 3757 caritatis,
1324 3691 1356 3747 et
1377 3682 1458 3746 forte

502 3784 689 3849 mandatum
714 3781 867 3844 familiare
891 3780 969 3861 Dei,
992 3791 1028 3843 ut
1048 3780 1094 3843 sic
1118 3782 1154 3844 in
1175 3781 1379 3866 simplicitate
1399 3805 1457 3847 sua

503 3888 676 3963 salsentur,
691 3895 728 3946 ut
747 3903 949 3966 nequaquam
964 3881 1006 3945 ad
1022 3883 1286 3966 consequentiam
1308 3894 1458 3964 transcat,

502 3981 588 4067 quod
611 3983 798 4066 simpliciter
823 3993 1103 4066 praesumpserunt.
1150 3984 1229 4056 Quis
1255 3984 1340 4047 euim
1363 3986 1456 4049 locus

500 4094 550 4149 est
571 4081 760 4160 fortitudini,
787 4083 815 4146 si
840 4084 885 4147 sic
913 4084 1029 4149 taedeat
1052 4086 1191 4149 animam
1215 4086 1289 4149 vitae
1317 4108 1394 4164 sure,
1419 4099 1457 4152 ut

500 4183 592 4271 quasi
613 4182 768 4267 patientia
789 4183 885 4255 ricta,
911 4194 942 4247 et
964 4186 1099 4267 praecisa
1123 4187 1235 4249 semita
1258 4188 1453 4268 meritonrm,
1480 4241 1487 4253 ,

499 4287 585 4373 quod
600 4280 792 4370 praecipitur,
807 4296 862 4349 aut
876 4297 1022 4369 nequeat,
1039 4299 1095 4351 aut
1115 4288 1256 4370 negligat
1274 4289 1451 4353 sustinere?

499 4390 595 4474 Apud
607 4387 767 4472 sapientes
778 4388 824 4452 sic
834 4387 900 4453 rita
912 4391 1137 4468 contemnitur,
1149 4389 1236 4474 quod
1248 4391 1453 4475 turpitudinis
